id,Studio,Week,Month,Day,Date,MTVisits,CPVisits, TotalVisits , EstVisits ,FirstTime,Capacity,Classes,Slots,Occ%,MTSales, CPSales ,NetSales
1,JFW,3/2/25,25-Mar,Sat,3/1/25,132,44,176,,72,45,5,225,0.78,2748,469.27,3217.27
2,JFW,3/2/25,25-Mar,Sun,3/2/25,104,24,128,,51,45,3,135,0.95,2755,291.6,3046.6
3,JFW,3/9/25,25-Mar,Mon,3/3/25,163,56,219,,48,45,8,360,0.61,3289.8,562,3851.8
4,JFW,3/9/25,25-Mar,Tue,3/4/25,111,70,181,,44,45,6,270,0.67,4785.64,748.17,5533.81
5,JFW,3/9/25,25-Mar,Wed,3/5/25,168,72,240,,41,45,8,360,0.67,4087.28,729.96,4817.24
6,JFW,3/9/25,25-Mar,Thu,3/6/25,178,38,216,,60,45,6,270,0.8,2192.95,449.5,2642.45
7,JFW,3/9/25,25-Mar,Fri,3/7/25,111,70,181,,41,45,6,270,0.67,2393.59,792.12,3185.71
8,JFW,3/9/25,25-Mar,Sat,3/8/25,164,17,181,,59,45,5,225,0.8,2470.68,195.84,2666.52
9,JFW,3/9/25,25-Mar,Sun,3/9/25,97,13,110,,34,45,3,135,0.81,3068.85,84.6,3153.45
10,JFW,3/16/25,25-Mar,Mon,3/10/25,177,61,238,,41,45,8,360,0.66,2552.25,681.13,3233.38
11,JFW,3/16/25,25-Mar,Tue,3/11/25,157,25,182,,27,45,6,270,0.67,2938.79,290.1,3228.89
12,JFW,3/16/25,25-Mar,Wed,3/12/25,158,43,201,,33,45,8,360,0.56,2719.36,474.85,3194.21
13,JFW,3/16/25,25-Mar,Thu,3/13/25,143,29,172,,34,45,6,270,0.64,2571.08,294.17,2865.25
14,JFW,3/16/25,25-Mar,Fri,3/14/25,132,53,185,,40,45,6,270,0.69,3122.96,614.86,3737.82
15,JFW,3/16/25,25-Mar,Sat,3/15/25,86,48,134,,49,45,5,225,0.6,1050.34,433.36,1483.7
16,JFW,3/16/25,25-Mar,Sun,3/16/25,65,4,69,,16,45,3,135,0.51,1223.56,32.6,1256.16
17,JFW,3/23/25,25-Mar,Mon,3/17/25,141,49,190,,30,45,8,360,0.53,6581.94,501.68,7083.62
18,JFW,3/23/25,25-Mar,Tue,3/18/25,90,48,138,,23,45,6,270,0.51,4672.4,545.44,5217.84
19,JFW,3/23/25,25-Mar,Wed,3/19/25,148,52,200,,43,45,8,360,0.56,3489.33,577.07,4066.4
20,JFW,3/23/25,25-Mar,Thu,3/20/25,106,59,165,,32,49,6,294,0.56,6038.21,643.04,6681.25
21,JFW,3/23/25,25-Mar,Fri,3/21/25,114,59,173,,42,49,6,294,0.59,4259.48,597.03,4856.51
22,JFW,3/23/25,25-Mar,Sat,3/22/25,145,24,169,,50,49,5,245,0.69,3443.27,280.85,3724.12
23,JFW,3/23/25,25-Mar,Sun,3/23/25,90,12,102,,26,49,3,147,0.69,9856.84,146.38,10003.22
24,JFW,3/30/25,25-Mar,Mon,3/24/25,167,91,258,,38,49,9,441,0.59,4980.01,986.24,5966.25
25,JFW,3/30/25,25-Mar,Tue,3/25/25,144,50,194,,24,49,6,294,0.66,4930.15,532.22,5462.37
26,JFW,3/30/25,25-Mar,Wed,3/26/25,200,53,253,,35,49,8,392,0.65,6763.32,590.57,7353.89
27,JFW,3/30/25,25-Mar,Thu,3/27/25,146,33,179,,34,49,6,294,0.61,5460.54,372.08,5832.62
28,JFW,3/30/25,25-Mar,Fri,3/28/25,137,53,190,,44,49,6,294,0.65,3503.05,531.15,4034.2
29,JFW,3/30/25,25-Mar,Sat,3/29/25,178,12,190,,29,49,5,245,0.78,1527.51,130.84,1658.35
30,JFW,3/30/25,25-Mar,Sun,3/30/25,110,11,121,,29,49,3,147,0.82,3155.79,125.15,3280.94
31,JFW,4/6/25,25-Mar,Mon,3/31/25,206,69,275,,60,49,9,441,0.62,2928.24,679.94,3608.18
32,JFW,4/6/25,25-Apr,Tue,4/1/25,180,40,220,,26,49,6,294,0.75,4653.23,461.34,5114.57
33,JFW,4/6/25,25-Apr,Wed,4/2/25,191,43,234,,30,49,8,392,0.6,4355.96,480.16,4836.12
34,JFW,4/6/25,25-Apr,Thu,4/3/25,172,30,202,,22,49,6,294,0.69,2601.82,327.47,2929.29
35,JFW,4/6/25,25-Apr,Fri,4/4/25,156,28,184,,32,49,6,294,0.63,3679.82,273.98,3953.8
36,JFW,4/6/25,25-Apr,Sat,4/5/25,182,5,187,,49,49,5,245,0.76,2899.03,54.94,2953.97
37,JFW,4/6/25,25-Apr,Sun,4/6/25,108,5,113,,20,49,3,147,0.77,3011.4,74.04,3085.44
38,JFW,4/13/25,25-Apr,Mon,4/7/25,189,50,239,,28,49,9,441,0.54,4498.81,494.91,4993.72
39,JFW,4/13/25,25-Apr,Tue,4/8/25,170,21,191,,6,49,6,294,0.65,4157.56,236.8,4394.36
40,JFW,4/13/25,25-Apr,Wed,4/9/25,188,39,227,,26,49,8,392,0.58,5254.89,432.4,5687.29
41,JFW,4/13/25,25-Apr,Thu,4/10/25,180,20,200,,27,49,6,294,0.68,4353.65,222.22,4575.87
42,JFW,4/13/25,25-Apr,Fri,4/11/25,159,20,179,,19,49,6,294,0.61,3131.41,219.55,3350.96
43,JFW,4/13/25,25-Apr,Sat,4/12/25,167,13,180,,55,49,5,245,0.73,1708.09,124.16,1832.25
44,JFW,4/13/25,25-Apr,Sun,4/13/25,92,5,97,,23,49,3,147,0.66,2233,42.58,2275.58
45,JFW,4/20/25,25-Apr,Mon,4/14/25,234,46,280,,39,49,9,441,0.63,4870.16,527.87,5398.03
46,JFW,4/20/25,25-Apr,Tue,4/15/25,171,26,197,,14,49,6,294,0.67,3188.44,285,3473.44
47,JFW,4/20/25,25-Apr,Wed,4/16/25,156,48,204,,21,49,8,392,0.52,2983.44,516.94,3500.38
48,JFW,4/20/25,25-Apr,Thu,4/17/25,171,25,196,,21,49,6,294,0.67,7724.63,319.37,8044
49,JFW,4/20/25,25-Apr,Fri,4/18/25,176,26,202,,40,49,6,294,0.69,3899.56,325.19,4224.75
50,JFW,4/20/25,25-Apr,Sat,4/19/25,170,11,181,,39,49,5,245,0.74,3823.63,129.97,3953.6
51,JFW,4/20/25,25-Apr,Sun,4/20/25,47,1,64,,12,49,2,98,0.65,3390.44,10.4,3400.84
52,JFW,4/27/25,25-Apr,Mon,4/21/25,226,52,278,,33,49,9,441,0.63,4929.43,576.7,5506.13
53,JFW,4/27/25,25-Apr,Tue,4/22/25,209,17,226,,22,49,6,294,0.77,4557.32,200,4757.32
54,JFW,4/27/25,25-Apr,Wed,4/23/25,218,22,240,,29,49,8,392,0.61,6973.79,248.28,7222.07
55,JFW,4/27/25,25-Apr,Thu,4/24/25,193,10,203,,18,49,6,294,0.69,5019.66,98.43,5118.09
56,JFW,4/27/25,25-Apr,Fri,4/25/25,142,20,162,,18,49,6,294,0.55,5674.03,284.41,5958.44
57,JFW,4/27/25,25-Apr,Sat,4/26/25,166,5,171,,26,49,5,245,0.7,2756.02,62.28,2818.3
58,JFW,4/27/25,25-Apr,Sun,4/27/25,101,22,123,,27,49,4,196,0.63,2433.94,209.05,2642.99
59,JFW,5/4/25,25-Apr,Mon,4/28/25,204,15,219,,20,49,9,441,0.5,4437.1,157.47,4594.57
60,JFW,5/4/25,25-Apr,Tue,4/29/25,209,5,214,,32,49,6,294,0.73,3066.96,66.31,3133.27
61,JFW,5/4/25,25-Apr,Wed,4/30/25,216,25,241,,31,49,8,392,0.61,4482.03,267.49,4749.52
62,JFW,5/4/25,25-May,Thu,5/1/25,184,9,193,,15,49,6,294,0.66,4253.75,103.18,4356.93
63,JFW,5/4/25,25-May,Fri,5/2/25,156,22,178,,17,49,6,294,0.61,5303.89,290.44,5594.33
64,JFW,5/4/25,25-May,Sat,5/3/25,158,12,170,,27,49,5,245,0.69,2496.58,143.84,2640.42
65,JFW,5/4/25,25-May,Sun,5/4/25,106,13,119,,15,49,4,196,0.61,3417.51,130.29,3547.8
66,JFW,5/11/25,25-May,Mon,5/5/25,207,33,240,,23,49,9,441,0.54,5473.6,353.08,5826.68
67,JFW,5/11/25,25-May,Tue,5/6/25,223,10,233,,24,49,6,294,0.79,3695.93,127.57,3823.5
68,JFW,5/11/25,25-May,Wed,5/7/25,239,25,264,,29,49,8,392,0.67,6285.22,325,6610.22
69,JFW,5/11/25,25-May,Thu,5/8/25,203,13,216,,24,49,6,294,0.73,5134.31,159.34,5293.65
70,JFW,5/11/25,25-May,Fri,5/9/25,177,24,201,,25,49,6,294,0.68,4141,299.3,4440.3
71,JFW,5/11/25,25-May,Sat,5/10/25,154,7,161,,30,49,5,245,0.66,2987,69.16,3056.16
72,JFW,5/11/25,25-May,Sun,5/11/25,102,13,115,,12,49,4,196,0.59,4572.21,141.18,4713.39
73,JFW,5/18/25,25-May,Mon,5/12/25,238,51,289,,26,49,9,441,0.66,3451.54,576.22,4027.76
74,JFW,5/18/25,25-May,Tue,5/13/25,204,11,215,,26,49,6,294,0.73,4051.73,130.64,4182.37
75,JFW,5/18/25,25-May,Wed,5/14/25,208,6,214,,21,49,8,392,0.55,3917.96,71.76,3989.72
76,JFW,5/18/25,25-May,Thu,5/15/25,184,12,196,,14,49,6,294,0.67,2801.69,161.32,2963.01
77,JFW,5/18/25,25-May,Fri,5/16/25,165,16,181,,18,49,6,294,0.62,2596.7,234,2830.7
78,JFW,5/18/25,25-May,Sat,5/17/25,167,8,175,,41,49,5,245,0.71,6454.4,83,6537.4
79,JFW,5/18/25,25-May,Sun,5/18/25,103,18,121,,26,49,4,196,0.62,2863.04,190.84,3053.88
80,JFW,5/25/25,25-May,Mon,5/19/25,204,40,244,,45,49,9,441,0.55,5168,405.06,5573.06
81,JFW,5/25/25,25-May,Tue,5/20/25,182,11,193,,12,49,6,294,0.66,4764.21,140,4904.21
82,JFW,5/25/25,25-May,Wed,5/21/25,205,40,245,,31,49,8,392,0.63,4788,385,5173
83,JFW,5/25/25,25-May,Thu,5/22/25,175,35,210,,16,49,6,294,0.71,4135.16,400,4535.16
84,JFW,5/25/25,25-May,Fri,5/23/25,156,22,178,,11,49,6,294,0.61,5969.16,302,6271.16
85,JFW,5/25/25,25-May,Sat,5/24/25,124,7,131,,15,49,5,245,0.53,2671.69,91,2762.69
86,JFW,5/25/25,25-May,Sun,5/25/25,95,12,107,,12,49,4,196,0.55,5294.56,122.98,5417.54
87,JFW,6/1/25,25-May,Mon,5/26/25,157,31,188,,34,49,9,441,0.43,3362,379.4,3741.4
88,JFW,6/1/25,25-May,Tue,5/27/25,155,20,175,,8,49,6,294,0.6,3735.72,270,4005.72
89,JFW,6/1/25,25-May,Wed,5/28/25,201,11,212,,14,49,8,392,0.54,4630.21,117,4747.21
90,JFW,6/1/25,25-May,Thu,5/29/25,205,1,206,,18,49,6,294,0.7,2644.24,20.16,2664.4
91,JFW,6/1/25,25-May,Fri,5/30/25,184,1,185,,23,49,6,294,0.63,3240,0,3240
92,JFW,6/1/25,25-May,Sat,5/31/25,168,5,173,,28,49,5,245,0.71,2739,43,2782
93,JFW,6/1/25,25-Jun,Sun,6/1/25,129,14,143,,20,49,4,196,0.73,6765.99,145.34,6911.33
94,JFW,6/8/25,25-Jun,Mon,6/2/25,249,6,255,,29,49,9,441,0.58,5355,56.16,5411.16
95,JFW,6/8/25,25-Jun,Tue,6/3/25,217,5,222,,20,49,6,294,0.76,2587.53,57,2644.53
96,JFW,6/8/25,25-Jun,Wed,6/4/25,241,17,258,,23,45,8,360,0.72,4491.34,184.08,4675.42
97,JFW,6/8/25,25-Jun,Thu,6/5/25,207,5,212,,17,45,6,270,0.79,4250,58.24,4308.24
98,JFW,6/8/25,25-Jun,Fri,6/6/25,172,0,172,,11,45,6,270,0.64,3742,0,3742
99,JFW,6/8/25,25-Jun,Sat,6/7/25,170,0,170,,31,45,5,225,0.76,4898,0,4898
100,JFW,6/8/25,25-Jun,Sun,6/8/25,140,9,149,,24,45,3,135,1.1,4595.24,0,4595.24
101,JFW,6/15/25,25-Jun,Mon,6/9/25,240,55,295,,45,45,10,450,0.66,5317,506.22,5823.22
102,JFW,6/15/25,25-Jun,Tue,6/10/25,224,28,252,,27,45,6,270,0.93,4137,264,4401
103,JFW,6/15/25,25-Jun,Wed,6/11/25,239,17,256,,31,45,8,360,0.71,5168,166,5334
104,JFW,6/15/25,25-Jun,Thu,6/12/25,224,27,251,,26,45,6,270,0.93,4074,278,4352
105,JFW,6/15/25,25-Jun,Fri,6/13/25,178,11,189,,34,45,6,270,0.7,3661,114,3775
106,JFW,6/15/25,25-Jun,Sat,6/14/25,148,0,148,,25,45,5,225,0.66,3150,0,3150
107,JFW,6/15/25,25-Jun,Sun,6/15/25,150,0,150,,13,45,3,135,1.11,4234.41,0,4234.41
108,JFW,6/22/25,25-Jun,Mon,6/16/25,214,33,247,,26,45,10,450,0.55,3567.93,357,3924.93
109,JFW,6/22/25,25-Jun,Tue,6/17/25,216,9,225,,14,45,7,315,0.71,6603,101,6704
110,JFW,6/22/25,25-Jun,Wed,6/18/25,195,23,218,,17,45,9,405,0.54,4999.66,223,5222.66
111,JFW,6/22/25,25-Jun,Thu,6/19/25,217,17,234,,35,45,8,360,0.65,4615,167,4782
112,JFW,6/22/25,25-Jun,Fri,6/20/25,153,37,190,,33,45,7,315,0.6,6719,406,7125
113,JFW,6/22/25,25-Jun,Sat,6/21/25,152,0,152,,31,45,4,180,0.84,4073,0,4073
114,JFW,6/22/25,25-Jun,Sun,6/22/25,139,0,139,,24,45,5,225,0.62,4292,0,4292
115,JFW,6/29/25,25-Jun,Mon,6/23/25,221,32,253,,24,45,10,450,0.56,6018,342,6360
116,JFW,6/29/25,25-Jun,Tue,6/24/25,196,12,208,,21,45,7,315,0.66,4728.11,126.36,4854.47
117,JFW,6/29/25,25-Jun,Wed,6/25/25,255,6,261,,19,45,8,360,0.73,3613,52,3665
118,JFW,6/29/25,25-Jun,Thu,6/26/25,198,20,218,,22,45,8,360,0.61,3475,199,3674
119,JFW,6/29/25,25-Jun,Fri,6/27/25,168,10,178,,16,45,7,315,0.57,3623,117,3740
120,JFW,6/29/25,25-Jun,Sat,6/28/25,147,0,147,,20,45,4,180,0.82,4581.13,0,4581.13
121,JFW,6/29/25,25-Jun,Sun,6/29/25,165,0,165,,32,45,5,225,0.73,2378.05,0,2378.05
122,JFW,7/6/25,25-Jun,Mon,6/30/25,245,25,270,,23,45,10,450,0.6,6915.7,292.76,7208.46
123,JFW,7/6/25,25-Jul,Tue,7/1/25,214,13,227,,15,45,7,315,0.72,7270.72,134.16,7404.88
124,JFW,7/6/25,25-Jul,Wed,7/2/25,236,0,236,,20,45,8,360,0.66,4099.86,0,4099.86
125,JFW,7/6/25,25-Jul,Thu,7/3/25,172,35,207,,23,45,8,360,0.58,3216,350,3566
126,JFW,7/6/25,25-Jul,Fri,7/4/25,204,0,204,,34,45,7,315,0.65,4547.24,0,4547.24
127,JFW,7/6/25,25-Jul,Sat,7/5/25,145,0,145,,25,45,4,180,0.81,3583,0,3583
128,JFW,7/6/25,25-Jul,Sun,7/6/25,122,0,122,,10,45,5,225,0.54,3695.04,0,3695.04
129,JFW,7/13/25,25-Jul,Mon,7/7/25,223,21,244,,15,45,10,450,0.54,5565.97,227.3,5793.27
130,JFW,7/13/25,25-Jul,Tue,7/8/25,184,21,205,,21,45,7,315,0.65,4477.68,247,4724.68
131,JFW,7/13/25,25-Jul,Wed,7/9/25,203,10,213,,15,45,8,360,0.59,5035.27,116.48,5151.75
132,JFW,7/13/25,25-Jul,Thu,7/10/25,205,27,232,,13,45,8,360,0.64,3794.48,311.74,4106.22
133,JFW,7/13/25,25-Jul,Fri,7/11/25,164,5,169,,15,45,7,315,0.54,4863.19,60.4,4923.59
134,JFW,7/13/25,25-Jul,Sat,7/12/25,156,4,160,,28,45,4,180,0.89,2478.2,53.88,2532.08
135,JFW,7/13/25,25-Jul,Sun,7/13/25,159,1,160,,19,45,5,225,0.71,3337.67,10.4,3348.07
136,JFW,7/20/25,25-Jul,Mon,7/14/25,204,24,228,,23,45,10,450,0.51,4890.11,312.54,5202.65
137,JFW,7/20/25,25-Jul,Tue,7/15/25,204,24,228,,17,45,7,315,0.72,3815.13,232.24,4047.37
138,JFW,7/20/25,25-Jul,Wed,7/16/25,213,18,231,,21,45,8,360,0.64,2748.08,185.38,2933.46
139,JFW,7/20/25,25-Jul,Thu,7/17/25,229,20,249,,9,45,8,360,0.69,5580.59,216.32,5796.91
140,JFW,7/20/25,25-Jul,Fri,7/18/25,207,14,221,,9,45,7,315,0.7,4728,139.1,4867.1
141,JFW,7/20/25,25-Jul,Sat,7/19/25,186,10,196,,9,45,4,180,1.09,3383,127.4,3510.4
142,JFW,7/20/25,25-Jul,Sun,7/20/25,158,0,158,,9,45,5,225,0.7,5411,0,5411
143,JFW,7/27/25,25-Jul,Mon,7/21/25,273,20,293,,9,45,10,450,0.65,5780,222,6002
144,JFW,7/27/25,25-Jul,Tue,7/22/25,243,5,248,,18,45,7,315,0.79,4526,52,4578
145,JFW,7/27/25,25-Jul,Wed,7/23/25,243,5,248,,11,45,8,360,0.69,5432,59.8,5491.8
146,JFW,7/27/25,25-Jul,Thu,7/24/25,225,14,239,,21,45,8,360,0.66,4411.59,126.88,4538.47
147,JFW,7/27/25,25-Jul,Fri,7/25/25,205,7,212,,13,45,7,315,0.67,4184.4,74.88,4259.28
148,JFW,7/27/25,25-Jul,Sat,7/26/25,171,0,171,,17,45,4,180,0.95,2988,0,2988
149,JFW,7/27/25,25-Jul,Sun,7/27/25,180,3,183,,26,45,5,225,0.81,2756,31.2,2787.2
150,JFW,8/3/25,25-Jul,Mon,7/28/25,240,6,246,,9,45,10,450,0.55,4345,62.4,4407.4
151,JFW,8/3/25,25-Jul,Tue,7/29/25,216,9,225,,19,45,7,315,0.71,3607.59,109.72,3717.31
152,JFW,8/3/25,25-Jul,Wed,7/30/25,229,23,252,,15,45,8,360,0.7,4234,221.26,4455.26
153,JFW,8/3/25,25-Jul,Thu,7/31/25,224,23,247,,10,45,8,360,0.69,3860,260.92,4120.92
154,JFW,8/3/25,25-Aug,Fri,8/1/25,226,8,234,,25,45,7,315,0.74,5135,79.3,5214.3
155,JFW,8/3/25,25-Aug,Sat,8/2/25,166,0,166,,18,45,4,180,0.92,3199,0,3199
156,JFW,8/3/25,25-Aug,Sun,8/3/25,209,4,213,,25,45,5,225,0.95,2338,41.6,2379.6
157,JFW,8/10/25,25-Aug,Mon,8/4/25,227,6,233,,10,45,10,450,0.52,5776,67.08,5843.08
158,JFW,8/10/25,25-Aug,Tue,8/5/25,215,21,236,,13,45,8,360,0.66,4497,109.68,4606.68
159,JFW,8/10/25,25-Aug,Wed,8/6/25,248,15,263,,17,45,9,405,0.65,4084,68.8,4152.8
160,JFW,8/10/25,25-Aug,Thu,8/7/25,229,19,248,,10,45,8,360,0.69,5122,180.7,5302.7
161,JFW,8/10/25,25-Aug,Fri,8/8/25,182,24,206,,13,45,7,315,0.65,4110,266.24,4376.24
162,JFW,8/10/25,25-Aug,Sat,8/9/25,172,0,172,,22,45,4,180,0.96,3429,0,3429
163,JFW,8/10/25,25-Aug,Sun,8/10/25,169,0,169,,16,45,5,225,0.75,3324,0,3324
164,JFW,8/17/25,25-Aug,Mon,8/11/25,246,33,279,,14,45,10,450,0.62,4859,321.56,5180.56
165,JFW,8/17/25,25-Aug,Tue,8/12/25,203,6,209,,18,45,8,360,0.58,4054,63.44,4117.44
166,JFW,8/17/25,25-Aug,Wed,8/13/25,217,16,233,,11,45,9,405,0.58,4400,170.62,4570.62
167,JFW,8/17/25,25-Aug,Thu,8/14/25,248,11,259,,16,45,8,360,0.72,4811,106.82,4917.82
168,JFW,8/17/25,25-Aug,Fri,8/15/25,190,3,193,,13,45,7,315,0.61,3799,54.19,3853.19
169,JFW,8/17/25,25-Aug,Sat,8/16/25,169,0,169,,21,45,4,180,0.94,2150,0,2150
170,JFW,8/17/25,25-Aug,Sun,8/17/25,198,0,198,,17,45,5,225,0.88,7224,0,7224
171,JFW,8/24/25,25-Aug,Mon,8/18/25,250,26,276,,22,45,10,450,0.61,5808,295.59,6103.59
172,JFW,8/24/25,25-Aug,Tue,8/19/25,215,11,226,,17,45,8,360,0.63,5013,107.69,5120.69
173,JFW,8/24/25,25-Aug,Wed,8/20/25,235,12,247,,13,45,9,405,0.61,6937,161.96,7098.96
174,JFW,8/24/25,25-Aug,Thu,8/21/25,247,5,252,,20,45,8,360,0.7,4366,52,4418
175,JFW,8/24/25,25-Aug,Fri,8/22/25,211,9,220,,21,45,7,315,0.7,4172,93.6,4265.6
176,JFW,8/24/25,25-Aug,Sat,8/23/25,179,0,179,,16,45,4,180,0.99,5707,0,5707
177,JFW,8/24/25,25-Aug,Sun,8/24/25,207,0,207,,37,45,5,225,0.92,3957,0,3957
178,JFW,8/31/25,25-Aug,Mon,8/25/25,274,17,291,,18,45,10,450,0.65,5324.8,167.81,5492.61
179,JFW,8/31/25,25-Aug,Tue,8/26/25,223,0,223,,16,45,8,360,0.62,3414,0,3414
180,JFW,8/31/25,25-Aug,Wed,8/27/25,241,0,241,,15,45,9,405,0.6,3112,0,3112
181,JFW,8/31/25,25-Aug,Thu,8/28/25,240,8,248,,6,45,8,360,0.69,4274,94.54,4368.54
182,JFW,8/31/25,25-Aug,Fri,8/29/25,171,18,189,,12,45,7,315,0.6,3456,127.08,3583.08
183,JFW,8/31/25,25-Aug,Sat,8/30/25,180,0,180,,6,45,4,180,1,4543,0,4543
184,JFW,8/31/25,25-Aug,Sun,8/31/25,175,0,175,,23,45,5,225,0.78,3756,0,3756
185,JFW,9/7/25,25-Sep,Mon,9/1/25,264,47,311,,30,45,10,450,0.69,5930,495.16,6425.16
186,JFW,9/7/25,25-Sep,Tue,9/2/25,205,12,217,,11,45,8,360,0.6,4915,118.96,5033.96
187,JFW,9/7/25,25-Sep,Wed,9/3/25,246,14,260,,12,45,9,405,0.64,3198,141.17,3339.17
188,JFW,9/7/25,25-Sep,Thu,9/4/25,235,8,243,,18,45,8,360,0.68,5284,88.23,5372.23
189,JFW,9/7/25,25-Sep,Fri,9/5/25,213,11,224,,18,45,7,315,0.71,4565,246.36,4811.36
190,JFW,9/7/25,25-Sep,Sat,9/6/25,172,0,172,,11,45,4,180,0.96,3840,0,3840
191,JFW,9/7/25,25-Sep,Sun,9/7/25,201,11,212,,27,45,5,225,0.94,5830,104,5934
192,JFW,9/14/25,25-Sep,Mon,9/8/25,248,18,266,,23,45,10,450,0.59,6795,206.17,7001.17
193,JFW,9/14/25,25-Sep,Tue,9/9/25,244,7,251,,13,45,8,360,0.7,4190,268.78,4458.78
194,JFW,9/14/25,25-Sep,Wed,9/10/25,228,10,238,,11,45,9,405,0.59,3763,108.48,3871.48
195,JFW,9/14/25,25-Sep,Thu,9/11/25,225,37,262,,9,45,8,360,0.73,4201,449.16,4650.16
196,JFW,9/14/25,25-Sep,Fri,9/12/25,176,17,193,,10,45,7,315,0.61,3389,191.09,3580.09
197,JFW,9/14/25,25-Sep,Sat,9/13/25,158,0,158,,19,45,4,180,0.88,3753,0,3753
198,JFW,9/14/25,25-Sep,Sun,9/14/25,155,8,163,,18,45,5,225,0.72,3666,73.74,3739.74
199,JFW,9/21/25,25-Sep,Mon,9/15/25,235,30,265,,17,45,10,450,0.59,5841,335.15,6176.15
200,JFW,9/21/25,25-Sep,Tue,9/16/25,218,15,233,,6,45,8,360,0.65,3144,156.47,3300.47
201,JFW,9/21/25,25-Sep,Wed,9/17/25,240,12,252,,13,45,9,405,0.62,5697,127.15,5824.15
202,JFW,9/21/25,25-Sep,Thu,9/18/25,216,25,241,,22,45,8,360,0.67,5449,330.1,5779.1
203,JFW,9/21/25,25-Sep,Fri,9/19/25,182,36,218,,24,45,7,315,0.69,5849,366.33,6215.33
204,JFW,9/21/25,25-Sep,Sat,9/20/25,141,0,141,,14,45,4,180,0.78,4848,0,4848
205,JFW,9/21/25,25-Sep,Sun,9/21/25,172,3,175,,19,45,5,225,0.78,4600,20.8,4620.8
206,JFW,9/28/25,25-Sep,Mon,9/22/25,260,12,272,,15,45,10,450,0.6,5218,120.07,5338.07
207,JFW,9/28/25,25-Sep,Tue,9/23/25,203,26,229,,6,45,8,360,0.64,6533,260.94,6793.94
208,JFW,9/28/25,25-Sep,Wed,9/24/25,258,29,287,,12,45,9,405,0.71,5465,336.69,5801.69
209,JFW,9/28/25,25-Sep,Thu,9/25/25,233,34,267,,21,45,8,360,0.74,5687,336.21,6023.21
210,JFW,9/28/25,25-Sep,Fri,9/26/25,161,39,200,,13,45,7,315,0.63,3413,348.15,3761.15
211,JFW,9/28/25,25-Sep,Sat,9/27/25,157,0,157,,18,45,4,180,0.87,3948,0,3948
212,JFW,9/28/25,25-Sep,Sun,9/28/25,200,3,203,,28,45,5,225,0.9,2894,39.85,2933.85
213,JFW,10/5/25,25-Sep,Mon,9/29/25,253,40,293,,9,45,10,450,0.65,3254,397.73,3651.73
214,JFW,10/5/25,25-Sep,Tue,9/30/25,218,18,236,,7,45,8,360,0.66,9047,172.03,9219.03
215,JFW,10/5/25,25-Oct,Wed,10/1/25,268,49,317,,19,45,9,405,0.78,9096.6,440.96,9537.56
216,JFW,10/5/25,25-Oct,Thu,10/2/25,270,11,281,,15,45,8,360,0.78,5217.6,121.31,5338.91
217,JFW,10/5/25,25-Oct,Fri,10/3/25,229,40,269,,29,45,7,315,0.85,2672.9,368.76,3041.66
218,JFW,10/5/25,25-Oct,Sat,10/4/25,160,0,160,,11,45,4,180,0.89,3207,0,3207
219,JFW,10/5/25,25-Oct,Sun,10/5/25,216,8,224,,32,45,5,225,1,4937.84,83.2,5021.04
220,JFW,10/12/25,25-Oct,Mon,10/6/25,295,21,316,,15,45,10,450,0.7,5870.37,156.94,6027.31
221,JFW,10/12/25,25-Oct,Tue,10/7/25,216,0,216,,5,45,8,360,0.6,5387.4,0,5387.4
222,JFW,10/12/25,25-Oct,Wed,10/8/25,228,11,239,,7,45,9,405,0.59,4137.1,116.28,4253.38
223,JFW,10/12/25,25-Oct,Thu,10/9/25,222,12,234,,10,45,8,360,0.65,4238,109.1,4347.1
224,JFW,10/12/25,25-Oct,Fri,10/10/25,192,28,220,,12,45,7,315,0.7,4302,346.27,4648.27
225,JFW,10/12/25,25-Oct,Sat,10/11/25,149,0,149,,14,45,4,180,0.83,2891,0,2891
226,JFW,10/12/25,25-Oct,Sun,10/12/25,182,0,182,,19,45,5,225,0.81,3605.9,0,3605.9
227,JFW,10/19/25,25-Oct,Mon,10/13/25,238,38,276,,15,45,10,450,0.61,4519,331.59,4850.59
228,JFW,10/19/25,25-Oct,Tue,10/14/25,248,34,282,,17,45,8,360,0.78,4406,291,4697
229,JFW,10/19/25,25-Oct,Wed,10/15/25,241,39,280,,14,45,9,405,0.69,4441,364,4805
230,JFW,10/19/25,25-Oct,Thu,10/16/25,236,9,245,,9,45,8,360,0.68,3289,88.87,3377.87
231,JFW,10/19/25,25-Oct,Fri,10/17/25,184,26,210,,14,45,7,315,0.67,5807.4,275.42,6082.82
232,JFW,10/19/25,25-Oct,Sat,10/18/25,177,0,177,,20,45,4,180,0.98,4151,0,4151
233,JFW,10/19/25,25-Oct,Sun,10/19/25,168,0,168,,15,45,5,225,0.75,4248,0,4248
234,JFW,10/26/25,25-Oct,Mon,10/20/25,285,10,295,,17,45,10,450,0.66,6085,109.5,6194.5
235,JFW,10/26/25,25-Oct,Tue,10/21/25,233,14,247,,6,45,8,360,0.69,5524,145.6,5669.6
236,JFW,10/26/25,25-Oct,Wed,10/22/25,244,6,250,,16,45,9,405,0.62,5065,52,5117
237,JFW,10/26/25,25-Oct,Thu,10/23/25,239,9,248,,7,45,8,360,0.69,5412,73.27,5485.27
238,JFW,10/26/25,25-Oct,Fri,10/24/25,172,14,186,,11,45,7,315,0.59,4218,114.4,4332.4
239,JFW,10/26/25,25-Oct,Sat,10/25/25,175,0,175,,22,45,4,180,0.97,3507,0,3507
240,JFW,10/26/25,25-Oct,Sun,10/26/25,177,0,177,,14,45,5,225,0.79,3348,0,3348
241,JFW,11/2/25,25-Oct,Mon,10/27/25,262,34,296,,21,45,10,450,0.66,4643,364.68,5007.68
242,JFW,11/2/25,25-Oct,Tue,10/28/25,231,19,250,,15,45,8,360,0.69,3558,180.62,3738.62
243,JFW,11/2/25,25-Oct,Wed,10/29/25,241,54,295,,21,45,9,405,0.73,2122,548.8,2670.8
244,JFW,11/2/25,25-Oct,Thu,10/30/25,244,16,260,,10,45,8,360,0.72,5247,216.74,5463.74
245,JFW,11/2/25,25-Oct,Fri,10/31/25,194,15,209,,6,45,7,315,0.66,2146,158.28,2304.28
246,JFW,11/2/25,25-Nov,Sat,11/1/25,155,0,155,,3,45,4,180,0.86,4832,0,4832
247,JFW,11/2/25,25-Nov,Sun,11/2/25,193,7,200,,13,45,5,225,0.89,4344,84,4428
248,JFW,11/9/25,25-Nov,Mon,11/3/25,270,61,331,,23,45,10,450,0.74,2145,795.69,2940.69
249,JFW,11/9/25,25-Nov,Tue,11/4/25,218,51,269,,15,45,8,360,0.75,5325,586.48,5911.48
250,JFW,11/9/25,25-Nov,Wed,11/5/25,219,21,240,,10,45,9,405,0.59,4613,225.48,4838.48
251,JFW,11/9/25,25-Nov,Thu,11/6/25,227,29,256,,9,45,8,360,0.71,4791,337.78,5128.78
252,JFW,11/9/25,25-Nov,Fri,11/7/25,170,15,185,,10,45,7,315,0.59,5564,137.36,5701.36
253,JFW,11/9/25,25-Nov,Sat,11/8/25,130,0,130,,13,45,4,180,0.72,3075,0,3075
254,JFW,11/9/25,25-Nov,Sun,11/9/25,143,0,143,,17,45,5,225,0.64,4011,0,4011
255,JFW,11/16/25,25-Nov,Mon,11/10/25,241,36,277,,20,45,10,450,0.62,4668,424.28,5092.28
256,JFW,11/16/25,25-Nov,Tue,11/11/25,193,33,226,,11,45,8,360,0.63,2971,386.36,3357.36
257,JFW,11/16/25,25-Nov,Wed,11/12/25,222,20,242,,11,45,9,405,0.6,3356,203.08,3559.08
258,JFW,11/16/25,25-Nov,Thu,11/13/25,213,27,240,,7,45,8,360,0.67,3459,290.4,3749.4
259,JFW,11/16/25,25-Nov,Fri,11/14/25,184,28,212,,19,45,7,315,0.67,4000,364,4364
260,JFW,11/16/25,25-Nov,Sat,11/15/25,164,0,164,,16,45,4,180,0.91,3504,0,3504
261,JFW,11/16/25,25-Nov,Sun,11/16/25,136,0,136,,4,45,6,270,0.5,3568,0,3568
262,JFW,11/23/25,25-Nov,Mon,11/17/25,250,49,299,,18,45,10,450,0.66,5979,559.09,6538.09
263,JFW,11/23/25,25-Nov,Tue,11/18/25,209,37,246,,11,45,8,360,0.68,5550,446.68,5996.68
264,JFW,11/23/25,25-Nov,Wed,11/19/25,219,12,231,,11,45,9,405,0.57,4839,158.28,4997.28
265,JFW,11/23/25,25-Nov,Thu,11/20/25,203,25,228,,11,45,8,360,0.63,6360,293.78,6653.78
266,JFW,11/23/25,25-Nov,Fri,11/21/25,170,48,218,,14,45,7,315,0.69,4365,511.08,4876.08
267,JFW,11/23/25,25-Nov,Sat,11/22/25,150,0,150,,20,45,4,180,0.83,5192,0,5192
268,JFW,11/23/25,25-Nov,Sun,11/23/25,144,2,146,,11,45,5,225,0.65,5230,22.4,5252.4
269,JFW,11/30/25,25-Nov,Mon,11/24/25,225,35,260,,25,45,10,450,0.58,5504,126,5630
270,JFW,11/30/25,25-Nov,Tue,11/25/25,189,14,203,,10,45,8,360,0.56,3451,154,3605
271,JFW,11/30/25,25-Nov,Wed,11/26/25,203,27,230,,11,45,9,405,0.57,3317,300.74,3617.74
272,JFW,11/30/25,25-Nov,Thu,11/27/25,125,0,125,,9,45,3,135,0.93,3568,0,3568
273,JFW,11/30/25,25-Nov,Fri,11/28/25,145,15,160,,20,45,7,315,0.51,4532,168,4700
274,JFW,11/30/25,25-Nov,Sat,11/29/25,133,2,135,,10,45,4,180,0.75,1625,28,1653
275,JFW,11/30/25,25-Nov,Sun,11/30/25,0,0,0,,0,0,0,0,0,5479,0,5479
276,JFW,12/7/25,25-Dec,Mon,12/1/25,236,29,265,,16,45,9,405,0.65,7257,324.8,7581.8
277,JFW,12/7/25,25-Dec,Tue,12/2/25,201,10,211,,12,45,8,360,0.59,4624,105.24,4729.24
278,JFW,12/7/25,25-Dec,Wed,12/3/25,234,27,261,,13,45,9,405,0.64,2733,100.8,2833.8
279,JFW,12/7/25,25-Dec,Thu,12/4/25,228,23,251,,14,45,8,360,0.7,3923,287.4,4210.4
280,JFW,12/7/25,25-Dec,Fri,12/5/25,176,15,191,,15,45,7,315,0.61,4404,180.84,4584.84
281,JFW,12/7/25,25-Dec,Sat,12/6/25,158,0,158,,10,45,4,180,0.88,4062,0,4062
282,JFW,12/7/25,25-Dec,Sun,12/7/25,190,6,196,,7,45,5,225,0.87,5006,70.16,5076.16
283,JFW,12/14/25,25-Dec,Mon,12/8/25,234,31,265,,7,45,10,450,0.59,3988,338.78,4326.78
284,JFW,12/14/25,25-Dec,Tue,12/9/25,239,42,281,,11,45,8,360,0.78,2839,468.25,3307.25
285,JFW,12/14/25,25-Dec,Wed,12/10/25,197,13,210,,5,45,9,405,0.52,3542,119.24,3661.24
286,JFW,12/14/25,25-Dec,Thu,12/11/25,182,42,224,,16,45,8,360,0.62,2811,474.42,3285.42
287,JFW,12/14/25,25-Dec,Fri,12/12/25,138,15,153,,9,45,7,315,0.49,3347,151.52,3498.52
288,JFW,12/14/25,25-Dec,Sat,12/13/25,149,2,151,,14,45,4,180,0.84,2203,22.4,2225.4
289,JFW,12/14/25,25-Dec,Sun,12/14/25,132,9,141,,15,45,5,225,0.63,3512,110.68,3622.68
290,JFW,12/21/25,25-Dec,Mon,12/15/25,187,37,224,,9,45,10,450,0.5,3343,409.12,3752.12
291,JFW,12/21/25,25-Dec,Tue,12/16/25,180,20,200,,13,45,8,360,0.56,2563,265.15,2828.15
292,JFW,12/21/25,25-Dec,Wed,12/17/25,155,50,205,,10,45,9,405,0.51,4622,542.04,5164.04
293,JFW,12/21/25,25-Dec,Thu,12/18/25,169,27,196,,7,45,8,360,0.54,3560,308.47,3868.47
294,JFW,12/21/25,25-Dec,Fri,12/19/25,149,24,173,,11,45,7,315,0.55,4507,270.44,4777.44
295,JFW,12/21/25,25-Dec,Sat,12/20/25,85,44,129,,10,45,4,180,0.72,3421,438.26,3859.26
296,JFW,12/21/25,25-Dec,Sun,12/21/25,115,49,164,,20,45,5,225,0.73,4598,489.31,5087.31
297,JFW,12/28/25,25-Dec,Mon,12/22/25,189,53,242,,15,45,10,450,0.54,4887,565.41,5452.41
298,JFW,12/28/25,25-Dec,Tue,12/23/25,160,37,197,,17,45,8,360,0.55,4904,356.08,5260.08
299,JFW,12/28/25,25-Dec,Wed,12/24/25,169,13,182,,9,45,5,225,0.81,3612,211.1,3823.1
300,JFW,12/28/25,25-Dec,Thu,12/25/25,0,0,0,,0,45,0,0,0,2897,0,2897
301,JFW,12/28/25,25-Dec,Fri,12/26/25,169,20,189,,26,45,6,270,0.7,3220,214.28,3434.28
302,JFW,12/28/25,25-Dec,Sat,12/27/25,133,5,138,,11,45,4,180,0.77,4649,44.8,4693.8
303,JFW,12/28/25,25-Dec,Sun,12/28/25,172,32,204,,23,45,5,225,0.91,3587,319.52,3906.52
304,JFW,1/4/26,25-Dec,Mon,12/29/25,176,28,204,,6,45,8,360,0.57,2647,392,3039
305,JFW,1/4/26,25-Dec,Tue,12/30/25,197,22,219,,12,45,8,360,0.61,4923,215.6,5138.6
306,JFW,1/4/26,25-Dec,Wed,12/31/25,173,8,181,,5,45,4,180,1.01,3141,89.6,3230.6
307,JFW,1/4/26,26-Jan,Thu,1/1/26,121,7,128,323.95,3,45,3,135,0.95,5687,134,5821
308,JFW,1/4/26,26-Jan,Fri,1/2/26,195,18,213,259.43,18,45,7,315,0.68,5905,194,6099
309,JFW,1/4/26,26-Jan,Sat,1/3/26,186,0,186,239.27,4,45,4,180,1.03,2784,0,2784
310,JFW,1/4/26,26-Jan,Sun,1/4/26,242,27,269,228.51,30,45,7,315,0.85,5949,309,6258
311,JFW,1/11/26,26-Jan,Mon,1/5/26,281,19,300,159.96,30,45,9,405,0.74,6559,210,6769
312,JFW,1/11/26,26-Jan,Tue,1/6/26,251,10,261,322.61,9,45,8,360,0.73,4903,112,5015
313,JFW,1/11/26,26-Jan,Wed,1/7/26,217,51,268,313.2,11,45,9,405,0.66,7289,590.49,7879.49
314,JFW,1/11/26,26-Jan,Thu,1/8/26,297,33,330,354.87,21,45,8,360,0.92,5820,300.38,6120.38
315,JFW,1/11/26,26-Jan,Fri,1/9/26,249,18,267,290.35,16,45,7,315,0.85,4555,176.4,4731.4
316,JFW,1/11/26,26-Jan,Sat,1/10/26,180,0,180,270.18,12,45,4,180,1,4537,0,4537
317,JFW,1/11/26,26-Jan,Sun,1/11/26,277,20,297,216.42,37,45,7,315,0.94,6052,196,6248
318,JFW,1/18/26,26-Jan,Mon,1/12/26,345,20,365,154.58,30,45,9,405,0.9,4691,227.64,4918.64
319,JFW,1/18/26,26-Jan,Tue,1/13/26,288,12,300,388.47,13,45,8,360,0.83,4830,132.8,4962.8
320,JFW,1/18/26,26-Jan,Wed,1/14/26,290,9,299,289,19,45,9,405,0.74,5947,107.05,6054.05
321,JFW,1/18/26,26-Jan,Thu,1/15/26,289,17,306,287.66,16,45,8,360,0.85,5121,170.8,5291.8
322,JFW,1/18/26,26-Jan,Fri,1/16/26,256,20,276,263.46,22,45,7,315,0.88,3610,306.4,3916.4
323,JFW,1/18/26,26-Jan,Sat,1/17/26,177,0,177,243.3,29,45,4,180,0.98,4943,0,4943
324,JFW,1/18/26,26-Jan,Sun,1/18/26,282,0,282,235.23,36,45,7,315,0.9,4123,0,4123
325,JFW,1/25/26,26-Jan,Mon,1/19/26,352,17,369,162.65,22,45,9,405,0.91,5916,167.3,6083.3
326,JFW,1/25/26,26-Jan,Tue,1/20/26,279,0,279,327.98,11,45,8,360,0.78,5146,0,5146
327,JFW,1/25/26,26-Jan,Wed,1/21/26,307,0,307,259.43,4,45,9,405,0.76,4169,0,4169
328,JFW,1/25/26,26-Jan,Thu,1/22/26,309,4,313,329.33,8,45,8,360,0.87,5108,44.8,5152.8
329,JFW,1/25/26,26-Jan,Fri,1/23/26,258,0,258,282.28,8,45,7,315,0.82,5471,0,5471
330,JFW,1/25/26,26-Jan,Sat,1/24/26,0,0,0,239.27,0,45,0,0,0,2967,0,2967
331,JFW,1/25/26,26-Jan,Sun,1/25/26,0,0,0,176.09,0,45,0,0,0,1483,0,1483
332,JFW,2/1/26,26-Jan,Mon,1/26/26,39,0,39,143.83,2,45,2,90,0.43,2264,0,2264
333,JFW,2/1/26,26-Jan,Tue,1/27/26,140,5,145,252.71,3,45,5,225,0.64,4837,48.6,4885.6
334,JFW,2/1/26,26-Jan,Wed,1/28/26,295,1,296,235.23,14,45,9,405,0.73,5604.8,14,5618.8
335,JFW,2/1/26,26-Jan,Thu,1/29/26,319,0,319,284.97,9,45,8,360,0.89,4778,0,4778
336,JFW,2/1/26,26-Jan,Fri,1/30/26,281,0,281,276.9,18,45,7,315,0.89,4183,0,4183
337,JFW,2/1/26,26-Jan,Sat,1/31/26,237,22,259,248.68,20,45,6,270,0.96,4213.6,265.72,4479.32
338,JFW,2/1/26,26-Feb,Sun,2/1/26,260,0,260,232.55,24,45,7,315,0.83,8296.2,0,8296.2
339,JFW,2/8/26,26-Feb,Mon,2/2/26,349,0,349,192.22,12,45,9,405,0.86,7328.4,0,7328.4
340,JFW,2/8/26,26-Feb,Tue,2/3/26,287,5,292,342.77,18,45,8,360,0.81,7213,44.8,7257.8
341,JFW,2/8/26,26-Feb,Wed,2/4/26,296,0,296,298.41,16,45,9,405,0.73,6045,0,6045
342,JFW,2/8/26,26-Feb,Thu,2/5/26,297,5,302,346.8,7,45,8,360,0.84,5615.8,56,5671.8
343,JFW,2/8/26,26-Feb,Fri,2/6/26,235,0,235,284.97,13,45,7,315,0.75,6085.2,0,6085.2
344,JFW,2/8/26,26-Feb,Sat,2/7/26,200,0,200,231.2,17,45,4,180,1.11,6388.4,0,6388.4
345,JFW,2/8/26,26-Feb,Sun,2/8/26,236,4,240,228.51,22,45,9,405,0.59,5477.8,73.07,5550.87
346,JFW,2/15/26,26-Feb,Mon,2/9/26,286,3,289,200.29,11,45,8,360,0.8,6665.6,33.6,6699.2
347,JFW,2/15/26,26-Feb,Tue,2/10/26,243,0,243,240.61,10,45,9,405,0.6,4830,0,4830
348,JFW,2/15/26,26-Feb,Wed,2/11/26,269,3,272,241.96,5,45,8,360,0.76,5491.2,33.6,5524.8
349,JFW,2/15/26,26-Feb,Thu,2/12/26,242,0,242,130.39,7,45,7,315,0.77,4132,0,4132
350,JFW,2/15/26,26-Feb,Fri,2/13/26,214,0,214,376.37,12,45,4,180,1.19,4390.2,0,4390.2
351,JFW,2/15/26,26-Feb,Sat,2/14/26,189,0,189,264.81,8,45,9,405,0.47,5683.2,0,5683.2
352,JFW,2/15/26,26-Feb,Sun,2/15/26,181,4,185,274.22,17,45,7,315,0.59,5025.2,45.6,5070.8
353,JFW,2/22/26,26-Feb,Mon,2/16/26,296,11,307,263.46,28,45,9,405,0.76,6328.8,137.2,6466
354,JFW,2/22/26,26-Feb,Tue,2/17/26,234,24,258,271.53,8,45,8,360,0.72,6957.8,349.54,7307.34
355,JFW,2/22/26,26-Feb,Wed,2/18/26,292,12,304,243.3,14,45,9,405,0.75,5172.8,128.75,5301.55
356,JFW,2/22/26,26-Feb,Thu,2/19/26,332,28,360,86.03,19,45,8,360,1,7207.6,388,7595.6
357,JFW,2/22/26,26-Feb,Fri,2/20/26,229,14,243,373.69,18,45,7,315,0.77,4184.4,232,4416.4
358,JBA,2/1/26,31-Jan,Fri,1/30/26,111,47,158,115.3864542,18,34,7,238,0.663865546,2481.7,363.47,2845.17
359,JBA,2/1/26,31-Jan,Sat,1/31/26,138,0,138,106.2287991,18,34,5,170,0.811764706,1774,0,1774
360,JBA,2/1/26,28-Feb,Sun,2/1/26,117,31,148,150.1855435,40,34,7,238,0.621848739,5558.26,284.4,5842.66
361,JBA,2/8/26,28-Feb,Mon,2/2/26,142,59,201,198.7211155,18,34,8,272,0.738970588,4526.3,619.33,5145.63
362,JBA,2/8/26,28-Feb,Tue,2/3/26,162,59,221,186.8161639,17,34,8,272,0.8125,2707,599.05,3306.05
363,JBA,2/8/26,28-Feb,Wed,2/4/26,136,86,222,200.5526466,28,34,8,272,0.816176471,2778.68,792.62,3571.3
364,JBA,2/8/26,28-Feb,Thu,2/5/26,133,76,209,163.0062607,13,34,8,272,0.768382353,2406.24,798.85,3205.09
365,JBA,2/8/26,28-Feb,Fri,2/6/26,130,63,193,116.3022197,21,34,7,238,0.81092437,3077,589.18,3666.18
366,JBA,2/8/26,28-Feb,Sat,2/7/26,197,27,224,111.7233921,42,34,5,170,1.317647059,2020.5,249.79,2270.29
367,JBA,2/8/26,28-Feb,Sun,2/8/26,69,44,113,138.2805919,18,34,7,238,0.474789916,1504.5,336.92,1841.42
368,JBA,2/15/26,28-Feb,Mon,2/9/26,94,75,169,179.4900398,10,34,8,272,0.621323529,3511.5,751.81,4263.31
369,JBA,2/15/26,28-Feb,Tue,2/10/26,148,54,202,192.310757,21,34,9,306,0.660130719,1862,567.41,2429.41
370,JBA,2/15/26,28-Feb,Wed,2/11/26,96,73,169,157.5116676,22,34,9,306,0.552287582,1920,648.56,2568.56
371,JBA,2/15/26,28-Feb,Thu,2/12/26,112,60,172,181.3215709,15,34,9,306,0.562091503,2334.57,558.9,2893.47
372,JBA,2/15/26,28-Feb,Fri,2/13/26,103,40,143,126.3756403,13,34,9,306,0.467320261,2782.54,452.78,3235.32
373,JBA,2/15/26,28-Feb,Sat,2/14/26,129,21,150,105.3130336,25,34,9,306,0.490196078,1639,222.51,1861.51
374,JBA,2/15/26,28-Feb,Sun,2/15/26,85,56,141,152.9328401,28,34,9,306,0.460784314,1499,621.12,2120.12
375,JBA,2/22/26,28-Feb,Mon,2/16/26,113,67,180,216.1206602,8,34,9,306,0.588235294,2485.04,822.96,3308
376,JBA,2/22/26,28-Feb,Tue,2/17/26,117,65,182,200.5526466,10,34,9,306,0.594771242,3104.32,805.01,3909.33
377,JBA,2/22/26,28-Feb,Wed,2/18/26,78,101,179,142.8594195,21,34,9,306,0.58496732,2202.84,1066.99,3269.83
378,JBA,2/22/26,28-Feb,Thu,2/19/26,0,0,0,160.2589641,0,34,9,0,0,1867,0,1867
379,JBA,2/22/26,28-Feb,Fri,2/20/26,0,0,0,137.3648264,0,34,9,0,0,2604.82,0,2604.82
380,JBA,10/20/24,Oct-24,Fri,10/18/24, 62 , 79 , 141 ,, 19 , 34 , 6 , 204 ,69%," $2,163 ", $877 ," $3,040 "
381,JBA,10/20/24,Oct-24,Sa,10/19/24, 62 , 53 , 115 ,, 35 , 34 , 4 , 136 ,85%," $1,125 ", $489 ," $1,614 "
382,JBA,10/20/24,Oct-24,Su,10/20/24, 57 , 70 , 127 ,, 24 , 34 , 6 , 204 ,62%," $1,558 ", $677 ," $2,235 "
383,JBA,10/27/24,Oct-24,Mon,10/21/24, 83 , 81 , 164 ,, 23 , 34 , 8 , 272 ,60%," $1,098 ", $745 ," $1,843 "
384,JBA,10/27/24,Oct-24,Tue,10/22/24, 74 , 96 , 170 ,, 23 , 34 , 8 , 272 ,63%," $1,254 ", $829 ," $2,083 "
385,JBA,10/27/24,Oct-24,Wed,10/23/24, 76 , 86 , 162 ,, 19 , 34 , 7 , 238 ,68%," $2,253 ", $913 ," $3,166 "
386,JBA,10/27/24,Oct-24,Thu,10/24/24, 62 , 57 , 119 ,, 14 , 34 , 8 , 272 ,44%," $1,034 ", $554 ," $1,588 "
387,JBA,10/27/24,Oct-24,Fri,10/25/24, 50 , 69 , 119 ,, 18 , 34 , 6 , 204 ,58%," $1,336 ", $667 ," $2,003 "
388,JBA,10/27/24,Oct-24,Sat,10/26/24, 46 , 44 , 90 ,, 18 , 34 , 4 , 136 ,66%," $1,035 ", $447 ," $1,482 "
389,JBA,10/27/24,Oct-24,Sun,10/27/24, 25 , 75 , 100 ,, 29 , 34 , 6 , 204 ,49%," $1,115 ", $682 ," $1,797 "
390,JBA,11/3/24,Oct-24,Mon,10/28/24, 74 , 84 , 158 ,, 17 , 34 , 8 , 272 ,58%," $1,284 ", $883 ," $2,167 "
391,JBA,11/3/24,Oct-24,Tue,10/29/24, 88 , 93 , 181 ,, 38 , 34 , 8 , 272 ,67%," $1,699 ", $941 ," $2,640 "
392,JBA,11/3/24,Oct-24,Wed,10/30/24, 86 , 99 , 185 ,, 17 , 34 , 7 , 238 ,78%," $1,428 "," $1,039 "," $2,467 "
393,JBA,11/3/24,Oct-24,Thu,10/31/24, 35 , 44 , 79 ,, 6 , 34 , 8 , 272 ,29%, $977 , $413 ," $1,390 "
394,JBA,11/3/24,Nov-24,Fri,11/1/24, 47 , 62 , 109 ,, 7 , 34 , 6 , 194 ,56%," $1,810 ", $597 ," $2,407 "
395,JBA,11/3/24,Nov-24,Sat,11/2/24, 69 , 57 , 126 ,, 17 , 34 , 6 , 136 ,93%," $2,070 ", $630 ," $2,700 "
396,JBA,11/3/24,Nov-24,Sun,11/3/24, 63 , 89 , 152 ,, 24 , 34 , 6 , 152 ,100%," $1,900 ", $863 ," $2,763 "
397,JBA,11/10/24,Nov-24,Mon,11/4/24, 68 , 108 , 176 ,, 29 , 34 , 8 , 272 ,65%," $1,478 ", $975 ," $2,453 "
398,JBA,11/10/24,Nov-24,Tue,11/5/24, 84 , 94 , 178 ,, 18 , 34 , 8 , 266 ,67%," $2,252 "," $1,033 "," $3,285 "
399,JBA,11/10/24,Nov-24,Wed,11/6/24, 67 , 75 , 142 ,, 18 , 34 , 7 , 238 ,60%," $1,093 ", $817 ," $1,910 "
400,JBA,11/10/24,Nov-24,Thu,11/7/24, 50 , 66 , 116 ,, 13 , 34 , 8 , 254 ,46%," $1,536 ", $675 ," $2,211 "
401,JBA,11/10/24,Nov-24,Fri,11/8/24, 67 , 86 , 153 ,, 32 , 34 , 6 , 194 ,79%," $1,636 ", $932 ," $2,568 "
402,JBA,11/10/24,Nov-24,Sat,11/9/24, 51 , 56 , 107 ,, 19 , 34 , 4 , 136 ,79%, $717 , $641 ," $1,358 "
403,JBA,11/10/24,Nov-24,Sun,11/10/24, 49 , 78 , 127 ,, 29 , 34 , 6 , 194 ,65%," $1,278 ", $710 ," $1,988 "
404,JBA,11/17/24,Nov-24,Mon,11/11/24, 74 , 111 , 185 ,, 29 , 34 , 8 , 272 ,68%," $1,368 "," $1,110 "," $2,478 "
405,JBA,11/17/24,Nov-24,Tue,11/12/24, 77 , 109 , 186 ,, 19 , 34 , 8 , 266 ,70%," $2,055 "," $1,130 "," $3,185 "
406,JBA,11/17/24,Nov-24,Wed,11/13/24, 67 , 98 , 165 ,, 15 , 34 , 7 , 238 ,69%, $952 ," $1,024 "," $1,976 "
407,JBA,11/17/24,Nov-24,Thu,11/14/24, 58 , 76 , 134 ,, 17 , 34 , 8 , 254 ,53%," $1,500 ", $746 ," $2,246 "
408,JBA,11/17/24,Nov-24,Fri,11/15/24, 60 , 76 , 136 ,, 9 , 34 , 8 , 194 ,70%," $1,213 ", $764 ," $1,977 "
409,JBA,11/17/24,Nov-24,Sat,11/16/24, 38 , 50 , 88 ,, 24 , 34 , 8 , 136 ,65%," $1,609 ", $608 ," $2,217 "
410,JBA,11/17/24,Nov-24,Sun,11/17/24, 73 , 62 , 135 ,, 36 , 34 , 8 , 194 ,70%," $1,939 ", $775 ," $2,714 "
411,JBA,11/24/24,Nov-24,Mon,11/18/24, 73 , 97 , 170 ,, 25 , 34 , 8 , 272 ,63%," $1,848 ", $920 ," $2,768 "
412,JBA,11/24/24,Nov-24,Tue,11/19/24, 72 , 100 , 172 ,, 19 , 34 , 8 , 272 ,63%," $1,788 "," $1,151 "," $2,939 "
413,JBA,11/24/24,Nov-24,Wed,11/20/24, 71 , 87 , 158 ,, 16 , 34 , 7 , 238 ,66%," $2,112 ", $927 ," $3,039 "
414,JBA,11/24/24,Nov-24,Thu,11/21/24, 48 , 68 , 116 ,, 15 , 34 , 8 , 272 ,43%," $1,287 ", $755 ," $2,042 "
415,JBA,11/24/24,Nov-24,Fri,11/22/24, 52 , 85 , 137 ,, 13 , 34 , 6 , 204 ,67%," $1,228 ", $886 ," $2,114 "
416,JBA,11/24/24,Nov-24,Sat,11/23/24, 43 , 58 , 101 ,, 26 , 34 , 4 , 136 ,74%," $1,213 ", $660 ," $1,873 "
417,JBA,11/24/24,Nov-24,Sun,11/24/24, 45 , 76 , 121 ,, 15 , 34 , 6 , 204 ,59%," $1,370 ", $848 ," $2,218 "
418,JBA,12/1/24,Nov-24,Mon,11/25/24, 61 , 124 , 185 ,, 21 , 34 , 8 , 272 ,68%," $1,101 "," $1,304 "," $2,405 "
419,JBA,12/1/24,Nov-24,Tue,11/26/24, 62 , 84 , 146 ,, 22 , 34 , 8 , 272 ,54%," $2,667 ", $807 ," $3,474 "
420,JBA,12/1/24,Nov-24,Wed,11/27/24, 44 , 84 , 128 ,, 21 , 34 , 5 , 170 ,75%," $1,319 ", $833 ," $2,152 "
421,JBA,12/1/24,Nov-24,Thu,11/28/24, 29 , 23 , 52 ,, 7 , 34 , 2 , 68 ,76%," $1,199 ", $272 ," $1,471 "
422,JBA,12/1/24,Nov-24,Fri,11/29/24, 37 , 55 , 92 ,, 12 , 34 , 4 , 136 ,68%," $1,409 ", $535 ," $1,944 "
423,JBA,12/1/24,Nov-24,Sat,11/30/24, 48 , 56 , 104 ,, 22 , 34 , 4 , 136 ,76%," $2,299 ", $597 ," $2,896 "
424,JBA,12/1/24,Dec-24,Sun,12/1/24, 36 , 46 , 82 ,, 25 , 34 , 4 , 136 ,60%," $2,660 ", $417 ," $3,077 "
425,JBA,12/8/24,Dec-24,Mon,12/2/24, 56 , 104 , 160 ,, 19 , 34 , 8 , 272 ,59%," $3,351 "," $1,033 "," $4,384 "
426,JBA,12/8/24,Dec-24,Tue,12/3/24, 64 , 106 , 170 ,, 14 , 34 , 8 , 272 ,63%," $1,368 "," $1,079 "," $2,447 "
427,JBA,12/8/24,Dec-24,Wed,12/4/24, 68 , 70 , 138 ,, 13 , 34 , 7 , 238 ,58%," $1,225 ", $786 ," $2,011 "
428,JBA,12/8/24,Dec-24,Thu,12/5/24, 61 , 59 , 120 ,, 9 , 34 , 8 , 254 ,47%," $1,637 ", $692 ," $2,329 "
429,JBA,12/8/24,Dec-24,Fri,12/6/24, 54 , 77 , 131 ,, 17 , 34 , 6 , 204 ,64%," $1,176 ", $827 ," $2,003 "
430,JBA,12/8/24,Dec-24,Sat,12/7/24, 58 , 50 , 108 ,, 27 , 34 , 4 , 136 ,79%," $1,455 ", $519 ," $1,974 "
431,JBA,12/8/24,Dec-24,Sun,12/8/24, 48 , 75 , 123 ,, 17 , 34 , 6 , 204 ,60%, $933 , $740 ," $1,673 "
432,JBA,12/15/24,Dec-24,Mon,12/9/24, 87 , 70 , 157 ,, 15 , 34 , 8 , 272 ,58%," $1,139 "," $1,706 "," $2,845 "
433,JBA,12/15/24,Dec-24,Tue,12/10/24, 55 , 92 , 147 ,, 20 , 34 , 8 , 272 ,54%, $895 ," $1,022 "," $1,917 "
434,JBA,12/15/24,Dec-24,Wed,12/11/24, 70 , 93 , 163 ,, 34 , 34 , 8 , 272 ,60%," $1,425 ", $967 ," $2,392 "
435,JBA,12/15/24,Dec-24,Thu,12/12/24, 52 , 75 , 127 ,, 9 , 34 , 8 , 272 ,47%, $598 , $801 ," $1,399 "
436,JBA,12/15/24,Dec-24,Fri,12/13/24, 59 , 71 , 130 ,, 19 , 34 , 6 , 204 ,64%," $1,141 ", $776 ," $1,917 "
437,JBA,12/15/24,Dec-24,Sat,12/14/24, 38 , 59 , 97 ,, 23 , 34 , 4 , 136 ,71%," $1,720 ", $707 ," $2,427 "
438,JBA,12/15/24,Dec-24,Sun,12/15/24, 31 , 75 , 106 ,, 17 , 34 , 5 , 170 ,62%," $1,643 ", $793 ," $2,436 "
439,JBA,12/22/24,Dec-24,Mon,12/16/24, 65 , 73 , 138 ,, 14 , 34 , 8 , 272 ,51%," $1,334 ", $793 ," $2,127 "
440,JBA,12/22/24,Dec-24,Tue,12/17/24, 63 , 80 , 143 ,, 18 , 34 , 8 , 272 ,53%," $1,635 ", $881 ," $2,516 "
441,JBA,12/22/24,Dec-24,Wed,12/18/24, 82 , 82 , 164 ,, 17 , 34 , 8 , 272 ,60%," $1,665 ", $956 ," $2,621 "
442,JBA,12/22/24,Dec-24,Thu,12/19/24, 81 , 59 , 140 ,, 26 , 34 , 7 , 238 ,59%," $1,016 ", $560 ," $1,576 "
443,JBA,12/22/24,Dec-24,Fri,12/20/24, 49 , 63 , 112 ,, 14 , 34 , 6 , 204 ,55%," $1,748 ", $639 ," $2,387 "
444,JBA,12/22/24,Dec-24,Sat,12/21/24, 34 , 50 , 84 ,, 13 , 34 , 4 , 136 ,62%, $982 , $663 ," $1,645 "
445,JBA,12/22/24,Dec-24,Sun,12/22/24, 13 , 76 , 89 ,, 19 , 34 , 6 , 204 ,44%," $1,372 ", $470 ," $1,842 "
446,JBA,12/29/24,Dec-24,Mon,12/23/24, 39 , 72 , 111 ,, 15 , 34 , 8 , 272 ,41%," $1,262 ", $810 ," $2,072 "
447,JBA,12/29/24,Dec-24,Tue,12/24/24, 53 , 50 , 103 ,, 9 , 34 , 4 , 136 ,76%, $939 , $510 ," $1,449 "
448,JBA,12/29/24,Dec-24,Wed,12/25/24, -   , -   , -   ,,, 34 , -   , -   ,0%, $-   , $-   , $-   
449,JBA,12/29/24,Dec-24,Thu,12/26/24, 32 , 72 , 104 ,, 18 , 34 , 8 , 272 ,38%," $1,746 ", $646 ," $2,392 "
450,JBA,12/29/24,Dec-24,Fri,12/27/24, 57 , 80 , 137 ,, 28 , 34 , 6 , 204 ,67%," $1,649 ", $837 ," $2,486 "
451,JBA,12/29/24,Dec-24,Sat,12/28/24, 43 , 53 , 96 ,, 19 , 34 , 4 , 136 ,71%," $1,700 ", $680 ," $2,380 "
452,JBA,12/29/24,Dec-24,Sun,12/29/24, 56 , 81 , 137 ,, 28 , 34 , 6 , 204 ,67%," $1,997 ", $891 ," $2,888 "
453,JBA,1/5/25,Dec-24,Mon,12/30/24, 74 , 110 , 184 ,, 39 , 34 , 8 , 272 ,68%," $1,784 "," $1,029 "," $2,813 "
454,JBA,1/5/25,Dec-24,Tue,12/31/24, 50 , 64 , 114 ,, 20 , 34 , 4 , 136 ,84%," $1,343 ", $672 ," $2,015 "
455,JBA,1/5/25,Jan-25,Wed,1/1/25, 49 , 34 , 83 ,, 18 , 34 , 3 , 102 ,81%," $1,021 ", $447 ," $1,468 "
456,JBA,1/5/25,Jan-25,Thu,1/2/25, 67 , 103 , 170 ,, 28 , 34 , 8 , 272 ,63%, $549 ," $1,171 "," $1,720 "
457,JBA,1/5/25,Jan-25,Fri,1/3/25, 67 , 75 , 142 ,, 18 , 34 , 6 , 204 ,70%, $474 , $859 ," $1,333 "
458,JBA,1/5/25,Jan-25,Sat,1/4/25, 69 , 49 , 118 ,, 32 , 34 , 4 , 136 ,87%," $1,555 ", $563 ," $2,118 "
459,JBA,1/5/25,Jan-25,Sun,1/5/25, 94 , 90 , 184 ,, 32 , 34 , 6 , 204 ,90%," $2,719 ", $937 ," $3,656 "
460,JBA,1/12/25,Jan-25,Mon,1/6/25, 84 , 122 , 206 ,, 33 , 34 , 8 , 272 ,76%," $1,450 "," $1,496 "," $2,946 "
461,JBA,1/12/25,Jan-25,Tue,1/7/25, 81 , 95 , 176 ,, 18 , 34 , 8 , 272 ,65%, $616 , $953 ," $1,569 "
462,JBA,1/12/25,Jan-25,Wed,1/8/25, 68 , 119 , 187 ,, 35 , 34 , 8 , 272 ,69%, $535 ," $1,154 "," $1,689 "
463,JBA,1/12/25,Jan-25,Thu,1/9/25, -   ,,,,, 34 , -   , -   ,0%,,, $-   
464,JBA,1/12/25,Jan-25,Fri,1/10/25, 37 , 44 , 81 ,, 14 , 34 , 3 , 102 ,79%," $1,345 ", $404 ," $1,749 "
465,JBA,1/12/25,Jan-25,Sat,1/11/25, 64 , 49 , 113 ,, 27 , 34 , 4 , 136 ,83%," $1,064 ", $478 ," $1,542 "
466,JBA,1/12/25,Jan-25,Sun,1/12/25, 146 , 32 , 178 ,, 45 , 34 , 6 , 204 ,87%," $1,511 ", $860 ," $2,371 "
467,JBA,1/19/25,Jan-25,Mon,1/13/25, 95 , 113 , 208 ,, 23 , 34 , 8 , 272 ,76%," $1,207 "," $1,236 "," $2,443 "
468,JBA,1/19/25,Jan-25,Tue,1/14/25, 72 , 135 , 207 ,, 45 , 34 , 8 , 272 ,76%," $2,675 "," $1,429 "," $4,104 "
469,JBA,1/19/25,Jan-25,Wed,1/15/25, 88 , 126 , 214 ,, 40 , 34 , 7 , 238 ,90%," $2,754 "," $1,300 "," $4,054 "
470,JBA,1/19/25,Jan-25,Thu,1/16/25, 85 , 116 , 201 ,, 41 , 34 , 7 , 238 ,84%," $2,674 "," $1,230 "," $3,904 "
471,JBA,1/19/25,Jan-25,Fri,1/17/25, 72 , 75 , 147 ,, 28 , 34 , 6 , 204 ,72%," $2,612 ", $817 ," $3,429 "
472,JBA,1/19/25,Jan-25,Sat,1/18/25, 88 , 29 , 117 ,, 37 , 34 , 4 , 136 ,86%," $1,912 ", $425 ," $2,337 "
473,JBA,1/19/25,Jan-25,Sun,1/19/25, 56 , 65 , 121 ,, 30 , 34 , 5 , 170 ,71%," $1,162 ", $656 ," $1,818 "
474,JBA,1/26/25,Jan-25,Mon,1/20/25, 110 , 105 , 215 ,, 46 , 34 , 8 , 272 ,79%," $2,213 "," $1,093 "," $3,306 "
475,JBA,1/26/25,Jan-25,Tue,1/21/25, 86 , 121 , 207 ,, 39 , 34 , 8 , 272 ,76%," $1,632 "," $1,179 "," $2,811 "
476,JBA,1/26/25,Jan-25,Wed,1/22/25, 80 , 114 , 194 ,, 28 , 34 , 8 , 272 ,71%," $1,794 "," $1,166 "," $2,960 "
477,JBA,1/26/25,Jan-25,Thu,1/23/25, 73 , 111 , 184 ,, 28 , 34 , 9 , 306 ,60%," $1,994 "," $1,274 "," $3,268 "
478,JBA,1/26/25,Jan-25,Fri,1/24/25, 79 , 75 , 154 ,, 25 , 34 , 6 , 204 ,75%," $2,473 "," $1,014 "," $3,487 "
479,JBA,1/26/25,Jan-25,Sat,1/25/25, 102 , 15 , 117 ,, 35 , 34 , 4 , 136 ,86%, $927 , $137 ," $1,064 "
480,JBA,1/26/25,Jan-25,Sun,1/26/25, 71 , 72 , 143 ,, 40 , 34 , 5 , 170 ,84%," $2,237 ", $609 ," $2,846 "
481,JBA,2/2/25,Jan-25,Mon,1/27/25, 87 , 99 , 186 ,, 30 , 34 , 8 , 272 ,68%," $1,934 "," $1,045 "," $2,979 "
482,JBA,2/2/25,Jan-25,Tue,1/28/25, 96 , 126 , 222 ,, 41 , 34 , 8 , 272 ,82%," $2,492 "," $1,511 "," $4,003 "
483,JBA,2/2/25,Jan-25,Wed,1/29/25, 90 , 113 , 203 ,, 46 , 34 , 7 , 238 ,85%," $3,500 "," $1,036 "," $4,536 "
484,JBA,2/2/25,Jan-25,Thu,1/30/25, 72 , 98 , 170 ,, 25 , 34 , 8 , 272 ,63%," $1,971 "," $1,155 "," $3,126 "
485,JBA,2/2/25,Jan-25,Fri,1/31/25, 65 , 61 , 126 ,, 34 , 34 , 6 , 204 ,62%," $1,462 ", $750 ," $2,212 "
486,JBA,2/2/25,Feb-25,Sat,2/1/25, 100 , 16 , 116 ,, 32 , 34 , 4 , 136 ,85%," $2,460 ", $150 ," $2,610 "
487,JBA,2/2/25,Feb-25,Sun,2/2/25, 98 , 66 , 164 ,, 34 , 34 , 6 , 204 ,80%," $2,836 ", $668 ," $3,504 "
488,JBA,2/9/25,Feb-25,Mon,2/3/25, 102 , 115 , 217 ,, 38 , 34 , 8 , 272 ,80%," $1,519 "," $1,228 "," $2,747 "
489,JBA,2/9/25,Feb-25,Tue,2/4/25, 93 , 111 , 204 ,, 22 , 34 , 8 , 272 ,75%," $1,825 "," $1,273 "," $3,098 "
490,JBA,2/9/25,Feb-25,Wed,2/5/25, 95 , 124 , 219 ,, 44 , 34 , 8 , 272 ,81%," $2,734 "," $1,194 "," $3,928 "
491,JBA,2/9/25,Feb-25,Thu,2/6/25, 72 , 106 , 178 ,, 34 , 34 , 8 , 272 ,65%," $1,554 ", $998 ," $2,552 "
492,JBA,2/9/25,Feb-25,Fri,2/7/25, 60 , 67 , 127 ,, 25 , 34 , 6 , 204 ,62%," $1,597 ", $684 ," $2,281 "
493,JBA,2/9/25,Feb-25,Sat,2/8/25, 89 , 33 , 122 ,, 33 , 34 , 4 , 136 ,90%," $2,938 ", $349 ," $3,287 "
494,JBA,2/9/25,Feb-25,Sun,2/9/25, 77 , 74 , 151 ,, 44 , 34 , 6 , 204 ,74%," $2,156 ", $805 ," $2,961 "
495,JBA,2/16/25,Feb-25,Mon,2/10/25, 90 , 106 , 196 ,, 25 , 34 , 8 , 272 ,72%," $1,891 "," $1,198 "," $3,089 "
496,JBA,2/16/25,Feb-25,Tue,2/11/25, 99 , 111 , 210 ,, 42 , 34 , 8 , 272 ,77%," $3,096 ", $989 ," $4,085 "
497,JBA,2/16/25,Feb-25,Wed,2/12/25, 71 , 101 , 172 ,, 37 , 34 , 7 , 238 ,72%," $2,183 ", $979 ," $3,162 "
498,JBA,2/16/25,Feb-25,Thu,2/13/25, 109 , 89 , 198 ,, 42 , 34 , 7 , 238 ,83%," $1,431 ", $944 ," $2,375 "
499,JBA,2/16/25,Feb-25,Fri,2/14/25, 69 , 69 , 138 ,, 30 , 34 , 6 , 204 ,68%," $1,966 ", $724 ," $2,690 "
500,JBA,2/16/25,Feb-25,Sat,2/15/25, 88 , 27 , 115 ,, 32 , 34 , 4 , 136 ,85%," $2,443 ", $261 ," $2,704 "
501,JBA,2/16/25,Feb-25,Sun,2/16/25, 82 , 85 , 167 ,, 36 , 34 , 6 , 204 ,82%," $2,331 ", $848 ," $3,179 "
502,JBA,2/23/25,Feb-25,Mon,2/17/25, 110 , 126 , 236 ,, 44 , 34 , 8 , 272 ,87%," $2,282 "," $1,310 "," $3,592 "
503,JBA,2/23/25,Feb-25,Tue,2/18/25, 107 , 112 , 219 ,, 36 , 34 , 8 , 272 ,81%," $1,456 "," $1,221 "," $2,677 "
504,JBA,2/23/25,Feb-25,Wed,2/19/25, 69 , 87 , 156 ,, 29 , 34 , 8 , 272 ,57%," $1,475 ", $824 ," $2,299 "
505,JBA,2/23/25,Feb-25,Thu,2/20/25, 80 , 95 , 175 ,, 24 , 34 , 7 , 238 ,74%," $2,751 "," $1,041 "," $3,792 "
506,JBA,2/23/25,Feb-25,Fri,2/21/25, 75 , 75 , 150 ,, 20 , 34 , 6 , 204 ,74%," $1,512 ", $964 ," $2,476 "
507,JBA,2/23/25,Feb-25,Sat,2/22/25, 95 , 17 , 112 ,, 38 , 34 , 4 , 136 ,82%," $1,504 ", $161 ," $1,665 "
508,JBA,2/23/25,Feb-25,Sun,2/23/25, 57 , 86 , 143 ,, 46 , 34 , 6 , 204 ,70%," $2,826 ", $800 ," $3,626 "
509,JBA,3/2/25,Feb-25,Mon,2/24/25, 103 , 111 , 214 ,, 35 , 34 , 8 , 272 ,79%," $1,808 "," $1,359 "," $3,167 "
510,JBA,3/2/25,Feb-25,Tue,2/25/25, 108 , 98 , 206 ,, 33 , 34 , 8 , 272 ,76%," $1,205 "," $1,109 "," $2,314 "
511,JBA,3/2/25,Feb-25,Wed,2/26/25, 85 , 108 , 193 ,, 33 , 34 , 8 , 272 ,71%," $2,884 ", $941 ," $3,825 "
512,JBA,3/2/25,Feb-25,Thu,2/27/25, 77 , 101 , 178 ,, 34 , 34 , 8 , 272 ,65%," $1,073 "," $1,101 "," $2,174 "
513,JBA,3/2/25,Feb-25,Fri,2/28/25, 70 , 62 , 132 ,, 19 , 34 , 6 , 204 ,65%," $5,220 ", $766 ," $5,986 "
514,JBA,3/2/25,Mar-25,Sat,3/1/25, 90 , 21 , 111 ,, 30 , 34 , 4 , 136 ,82%," $2,071 ", $176 ," $2,247 "
515,JBA,3/2/25,Mar-25,Sun,3/2/25, 48 , 55 , 103 ,, 18 , 34 , 6 , 204 ,50%," $2,474 ", $558 ," $3,032 "
516,JBA,3/9/25,Mar-25,Mon,3/3/25, 71 , 116 , 187 ,, 19 , 34 , 8 , 272 ,69%," $1,552 "," $1,289 "," $2,841 "
517,JBA,3/9/25,Mar-25,Tue,3/4/25, 68 , 69 , 137 ,, 29 , 34 , 5 , 170 ,81%," $1,693 ", $692 ," $2,385 "
518,JBA,3/9/25,Mar-25,Wed,3/5/25, 102 , 98 , 200 ,, 23 , 34 , 7 , 238 ,84%," $2,551 "," $1,129 "," $3,679 "
519,JBA,3/9/25,Mar-25,Thu,3/6/25, 78 , 93 , 171 ,, 22 , 34 , 7 , 238 ,72%," $2,700 ", $951 ," $3,651 "
520,JBA,3/9/25,Mar-25,Fri,3/7/25, 70 , 56 , 126 ,, 17 , 34 , 6 , 204 ,62%," $1,891 ", $692 ," $2,583 "
521,JBA,3/9/25,Mar-25,Sat,3/8/25, 96 , 18 , 114 ,, 24 , 34 , 4 , 136 ,84%," $1,814 ", $144 ," $1,958 "
522,JBA,3/9/25,Mar-25,Sun,3/9/25, 57 , 62 , 119 ,, 39 , 34 , 6 , 204 ,58%," $1,202 ", $667 ," $1,869 "
523,JBA,3/16/25,Mar-25,Mon,3/10/25, 89 , 112 , 201 ,, 33 , 34 , 8 , 272 ,74%," $2,161 "," $1,263 "," $3,424 "
524,JBA,3/16/25,Mar-25,Tue,3/11/25, 97 , 92 , 189 ,, 32 , 34 , 8 , 272 ,69%," $2,434 ", $891 ," $3,325 "
525,JBA,3/16/25,Mar-25,Wed,3/12/25, 103 , 101 , 204 ,, 33 , 34 , 7 , 238 ,86%," $1,475 "," $1,011 "," $2,486 "
526,JBA,3/16/25,Mar-25,Thu,3/13/25, 91 , 84 , 175 ,, 18 , 34 , 7 , 238 ,74%," $2,041 ", $939 ," $2,980 "
527,JBA,3/16/25,Mar-25,Fri,3/14/25, 71 , 64 , 135 ,, 20 , 34 , 6 , 204 ,66%," $2,106 ", $737 ," $2,843 "
528,JBA,3/16/25,Mar-25,Sat,3/15/25, 66 ,16, 82 ,,8, 34 , 4 , 136 ,60%," $1,878 ", $163 ," $2,041 "
529,JBA,3/16/25,Mar-25,Sun,3/16/25, 58 ,67, 125 ,,21, 34 , 6 , 204 ,61%," $1,660 ", $693 ," $2,352 "
530,JBA,3/23/25,Mar-25,Mon,3/17/25, 83 ,105, 188 ,,27, 34 , 8 , 272 ,69%," $2,414 "," $1,220 "," $3,634 "
531,JBA,3/23/25,Mar-25,Tue,3/18/25, 91 ,101, 192 ,,14, 34 , 8 , 272 ,71%," $2,540 "," $1,228 "," $3,768 "
532,JBA,3/23/25,Mar-25,Wed,3/19/25, 105 ,71, 176 ,,26, 34 , 7 , 238 ,74%," $1,620 ", $742 ," $2,362 "
533,JBA,3/23/25,Mar-25,Thu,3/20/25, 74 ,80, 154 ,,16, 34 , 7 , 238 ,65%," $1,334 ", $855 ," $2,189 "
534,JBA,3/23/25,Mar-25,Fri,3/21/25, 80 ,44, 124 ,,14, 34 , 6 , 204 ,61%," $1,565 ", $702 ," $2,268 "
535,JBA,3/23/25,Mar-25,Sat,3/22/25, 91 ,18, 109 ,,24, 34 , 4 , 136 ,80%," $1,882 ", $165 ," $2,047 "
536,JBA,3/23/25,Mar-25,Sun,3/23/25, 73 ,64, 137 ,,21, 34 , 6 , 204 ,67%," $3,493 ", $632 ," $4,125 "
537,JBA,3/30/25,Mar-25,Mon,3/24/25, 70 ,100, 170 ,,19, 34 , 8 , 272 ,63%," $2,362 "," $1,158 "," $3,520 "
538,JBA,3/30/25,Mar-25,Tue,3/25/25, 98 ,90, 188 ,,19, 34 , 8 , 272 ,69%," $1,653 "," $1,092 "," $2,745 "
539,JBA,3/30/25,Mar-25,Wed,3/26/25, 88 ,78, 166 ,,24, 34 , 8 , 272 ,61%," $2,672 ", $797 ," $3,469 "
540,JBA,3/30/25,Mar-25,Thu,3/27/25, 62 ,79, 141 ,,14, 34 , 7 , 238 ,59%," $2,608 ", $949 ," $3,557 "
541,JBA,3/30/25,Mar-25,Fri,3/28/25, 127 ,11, 138 ,,28, 34 , 6 , 204 ,68%," $8,053 ", $535 ," $8,588 "
542,JBA,3/30/25,Mar-25,Sat,3/29/25, 101 ,6, 107 ,,17, 34 , 4 , 136 ,79%," $1,500 ", $84 ," $1,584 "
543,JBA,3/30/25,Mar-25,Sun,3/30/25, 58 ,74, 132 ,,33, 34 , 5 , 170 ,78%," $1,888 ", $675 ," $2,563 "
544,JBA,4/6/25,Mar-25,Mon,3/31/25, 107 , 103 , 210 ,, 24 , 34 , 8 , 272 ,77%," $3,413 "," $1,207 "," $4,620 "
545,JBA,4/6/25,Apr-25,Tue,4/1/25, 120 ,90, 210 ,,35, 34 , 8 , 272 ,77%," $3,103 "," $1,062 "," $4,165 "
546,JBA,4/6/25,Apr-25,Wed,4/2/25, 105 ,87, 192 ,,23, 34 , 8 , 272 ,71%," $2,951 ", $960 ," $3,911 "
547,JBA,4/6/25,Apr-25,Thu,4/3/25, 88 ,82, 170 ,,25, 34 , 7 , 238 ,71%," $1,974 ", $965 ," $2,939 "
548,JBA,4/6/25,Apr-25,Fri,4/4/25, 92 ,45, 137 ,,25, 34 , 6 , 204 ,67%," $2,619 ", $520 ," $3,138 "
549,JBA,4/6/25,Apr-25,Sat,4/5/25, 95 ,5, 100 ,,25, 34 , 4 , 136 ,74%," $2,786 ", $30 ," $2,816 "
550,JBA,4/6/25,Apr-25,Sun,4/6/25, 64 ,43, 107 ,,10, 34 , 5 , 170 ,63%," $1,794 ", $407 ," $2,201 "
551,JBA,4/13/25,Apr-25,Mon,4/7/25, 103 ,100, 203 ,,20, 34 , 8 , 272 ,75%," $1,928 "," $1,108 "," $3,036 "
552,JBA,4/13/25,Apr-25,Tue,4/8/25, 111 ,65, 176 ,,23, 34 , 8 , 272 ,65%," $3,417 ", $706 ," $4,124 "
553,JBA,4/13/25,Apr-25,Wed,4/9/25, 118 ,71, 189 ,,29, 34 , 8 , 272 ,69%," $1,326 ", $758 ," $2,084 "
554,JBA,4/13/25,Apr-25,Thu,4/10/25, 66 ,60, 126 ,,7, 34 , 6 , 204 ,62%," $1,811 ", $689 ," $2,500 "
555,JBA,4/13/25,Apr-25,Fri,4/11/25, 87 ,34, 121 ,,14, 34 , 6 , 204 ,59%," $2,556 ", $382 ," $2,938 "
556,JBA,4/13/25,Apr-25,Sat,4/12/25, 101 ,17, 118 ,,23, 34 , 4 , 136 ,87%, $738 , $170 , $908 
557,JBA,4/13/25,Apr-25,Sun,4/13/25, 57 ,41, 98 ,,13, 34 , 5 , 170 ,58%," $2,358 ", $456 ," $2,814 "
558,JBA,4/20/25,Apr-25,Mon,4/14/25, 88 ,93, 181 ,,28, 34 , 8 , 272 ,67%," $2,921 ", $964 ," $3,885 "
559,JBA,4/20/25,Apr-25,Tue,4/15/25, 96 ,84, 180 ,,22, 34 , 8 , 272 ,66%," $3,423 ", $930 ," $4,353 "
560,JBA,4/20/25,Apr-25,Wed,4/16/25, 117 ,70, 187 ,,20, 34 , 8 , 272 ,69%," $2,804 ", $740 ," $3,544 "
561,JBA,4/20/25,Apr-25,Thu,4/17/25, 83 ,45, 128 ,,11, 34 , 6 , 204 ,63%," $3,055 ", $519 ," $3,574 "
562,JBA,4/20/25,Apr-25,Fri,4/18/25, 105 ,19, 124 ,,22, 34 , 6 , 204 ,61%," $1,920 ", $219 ," $2,139 "
563,JBA,4/20/25,Apr-25,Sat,4/19/25, 91 ,8, 99 ,,14, 34 , 4 , 136 ,73%," $1,139 ", $88 ," $1,227 "
564,JBA,4/20/25,Apr-25,Sun,4/20/25, 47 ,47, 94 ,,21, 34 , 5 , 170 ,55%," $2,446 ", $498 ," $2,945 "
565,JBA,4/27/25,Apr-25,Mon,4/21/25, 97 ,61, 158 ,,18, 34 , 8 , 272 ,58%," $1,283 ", $701 ," $1,985 "
566,JBA,4/27/25,Apr-25,Tue,4/22/25, 110 ,67, 177 ,,23, 34 , 8 , 272 ,65%," $2,322 ", $735 ," $3,057 "
567,JBA,4/27/25,Apr-25,Wed,4/23/25, 91 ,73, 164 ,,19, 34 , 8 , 272 ,60%," $2,630 ", $802 ," $3,432 "
568,JBA,4/27/25,Apr-25,Thu,4/24/25, 90 ,36, 126 ,,10, 34 , 7 , 238 ,53%," $3,772 ", $374 ," $4,146 "
569,JBA,4/27/25,Apr-25,Fri,4/25/25, 78 ,21, 99 ,,9, 34 , 6 , 204 ,49%," $1,567 ", $269 ," $1,836 "
570,JBA,4/27/25,Apr-25,Sat,4/26/25, 103 ,8, 111 ,,35, 34 , 4 , 136 ,82%," $1,443 ", $84 ," $1,527 "
571,JBA,4/27/25,Apr-25,Sun,4/27/25, 46 ,59, 105 ,,18, 34 , 5 , 170 ,62%," $2,478 ", $589 ," $3,067 "
572,JBA,5/4/25,Apr-25,Mon,4/28/25, 95 ,68, 163 ,,14, 34 , 8 , 272 ,60%," $3,000 ", $750 ," $3,750 "
573,JBA,5/4/25,Apr-25,Tue,4/29/25, 116 ,74, 190 ,,15, 34 , 8 , 272 ,70%," $2,487 ", $897 ," $3,385 "
574,JBA,5/4/25,Apr-25,Wed,4/30/25, 113 ,67, 180 ,,20, 34 , 8 , 272 ,66%," $2,919 ", $685 ," $3,605 "
575,JBA,5/4/25,May-25,Thu,5/1/25, 86 ,54, 140 ,,11, 34 , 7 , 238 ,59%," $3,176 ", $561 ," $3,737 "
576,JBA,5/4/25,May-25,Fri,5/2/25, 77 ,50, 127 ,,21, 34 , 6 , 204 ,62%," $3,210 ", $660 ," $3,870 "
577,JBA,5/4/25,May-25,Sat,5/3/25, 96 ,9, 105 ,,17, 34 , 4 , 136 ,77%," $1,750 ", $106 ," $1,856 "
578,JBA,5/4/25,May-25,Sun,5/4/25, 44 ,55, 99 ,,15, 34 , 5 , 170 ,58%," $2,192 ", $531 ," $2,723 "
579,JBA,5/11/25,May-25,Mon,5/5/25, 102 ,65, 167 ,,12, 34 , 8 , 272 ,61%," $2,302 ", $712 ," $3,014 "
580,JBA,5/11/25,May-25,Tue,5/6/25, 86 ,84, 170 ,,22, 34 , 8 , 272 ,63%," $2,586 ", $894 ," $3,480 "
581,JBA,5/11/25,May-25,Wed,5/7/25, 120 ,52, 172 ,,23, 34 , 8 , 272 ,63%," $2,332 ", $521 ," $2,853 "
582,JBA,5/11/25,May-25,Thu,5/8/25, 76 ,38, 114 ,,18, 34 , 7 , 238 ,48%," $4,106 ", $394 ," $4,500 "
583,JBA,5/11/25,May-25,Fri,5/9/25, 70 ,48, 118 ,,12, 34 , 6 , 204 ,58%," $2,238 ", $603 ," $2,841 "
584,JBA,5/11/25,May-25,Sat,5/10/25, 84 ,5, 89 ,,18, 34 , 4 , 136 ,65%," $2,655 ", $50 ," $2,705 "
585,JBA,5/11/25,May-25,Sun,5/11/25, 49 ,52, 101 ,,24, 34 , 5 , 170 ,59%," $1,560 ", $507 ," $2,067 "
586,JBA,5/18/25,May-25,Mon,5/12/25, 89 ,82, 171 ,,18, 34 , 8 , 272 ,63%," $1,783 ", $813 ," $2,596 "
587,JBA,5/18/25,May-25,Tue,5/13/25, 112 ,77, 189 ,,30, 34 , 8 , 272 ,69%," $3,644 ", $831 ," $4,475 "
588,JBA,5/18/25,May-25,Wed,5/14/25, 97 ,52, 149 ,,18, 34 , 8 , 272 ,55%," $3,134 ", $532 ," $3,667 "
589,JBA,5/18/25,May-25,Thu,5/15/25, 81 ,49, 130 ,,8, 34 , 7 , 238 ,55%," $4,305 ", $527 ," $4,832 "
590,JBA,5/18/25,May-25,Fri,5/16/25, 70 ,46, 116 ,,13, 34 , 6 , 204 ,57%," $2,378 ", $560 ," $2,938 "
591,JBA,5/18/25,May-25,Sat,5/17/25, 70 ,9, 79 ,,12, 34 , 4 , 136 ,58%," $2,069 ", $98 ," $2,167 "
592,JBA,5/18/25,May-25,Sun,5/18/25, 48 ,52, 100 ,,17, 34 , 5 , 170 ,59%," $2,030 ", $550 ," $2,580 "
593,JBA,5/25/25,May-25,Mon,5/19/25, 86 ,89, 175 ,,16, 34 , 8 , 272 ,64%," $2,542 ", $928 ," $3,469 "
594,JBA,5/25/25,May-25,Tue,5/20/25, 101 ,74, 175 ,,24, 34 , 8 , 272 ,64%," $2,890 ", $782 ," $3,672 "
595,JBA,5/25/25,May-25,Wed,5/21/25, 92 ,74, 166 ,,17, 34 , 8 , 272 ,61%," $1,788 ", $722 ," $2,510 "
596,JBA,5/25/25,May-25,Thu,5/22/25, 74 ,67, 141 ,,12, 34 , 7 , 238 ,59%," $2,357 ", $754 ," $3,111 "
597,JBA,5/25/25,May-25,Fri,5/23/25, 80 ,52, 132 ,,14, 34 , 6 , 204 ,65%," $3,016 ", $646 ," $3,662 "
598,JBA,5/25/25,May-25,Sat,5/24/25, 76 ,20, 96 ,,16, 34 , 4 , 136 ,71%," $2,382 ", $154 ," $2,536 "
599,JBA,5/25/25,May-25,Sun,5/25/25, 46 ,51, 97 ,,27, 34 , 5 , 170 ,57%," $1,504 ", $498 ," $2,002 "
600,JBA,6/1/25,May-25,Mon,5/26/25, 82 ,72, 154 ,,24, 34 , 8 , 272 ,57%," $1,540 ", $880 ," $2,420 "
601,JBA,6/1/25,May-25,Tue,5/27/25, 101 ,91, 192 ,,22, 34 , 8 , 272 ,71%," $4,216 ", $910 ," $5,127 "
602,JBA,6/1/25,May-25,Wed,5/28/25, 114 ,71, 185 ,,17, 34 , 8 , 272 ,68%," $1,693 ", $709 ," $2,402 "
603,JBA,6/1/25,May-25,Thu,5/29/25, 86 ,49, 135 ,,6, 34 , 7 , 238 ,57%," $2,506 ", $491 ," $2,997 "
604,JBA,6/1/25,May-25,Fri,5/30/25, 72 ,36, 108 ,,19, 34 , 6 , 204 ,53%," $1,402 ", $416 ," $1,818 "
605,JBA,6/1/25,May-25,Sat,5/31/25, 86 ,8, 94 ,,16, 34 , 4 , 136 ,69%," $1,632 ", $87 ," $1,719 "
606,JBA,6/1/25,Jun-25,Sun,6/1/25, 67 ,63, 130 ,,28, 34 , 5 , 170 ,76%," $1,794 ", $516 ," $2,310 "
607,JBA,6/8/25,Jun-25,Mon,6/2/25, 74 ,88, 162 ,,23, 34 , 8 , 272 ,60%," $3,096 ", $804 ," $3,900 "
608,JBA,6/8/25,Jun-25,Tue,6/3/25, 109 ,70, 179 ,,21, 34 , 8 , 272 ,66%," $4,627 ", $729 ," $5,356 "
609,JBA,6/8/25,Jun-25,Wed,6/4/25, 117 ,80, 197 ,,26, 34 , 8 , 272 ,72%," $3,945 ", $798 ," $4,744 "
610,JBA,6/8/25,Jun-25,Thu,6/5/25, 107 ,48, 155 ,,8, 34 , 7 , 238 ,65%," $2,183 ", $488 ," $2,671 "
611,JBA,6/8/25,Jun-25,Fri,6/6/25, 98 ,37, 135 ,,12, 34 , 6 , 204 ,66%," $2,484 ", $448 ," $2,932 "
612,JBA,6/8/25,Jun-25,Sat,6/7/25, 84 ,2, 86 ,,22, 34 , 3 , 102 ,84%," $2,030 ", $19 ," $2,049 "
613,JBA,6/8/25,Jun-25,Sun,6/8/25, 59 ,59, 118 ,,21, 34 , 5 , 170 ,69%," $1,302 ", $564 ," $1,866 "
614,JBA,6/15/25,Jun-25,Mon,6/9/25, 71 ,98, 169 ,,26, 34 , 8 , 272 ,62%," $3,269 ", $931 ," $4,200 "
615,JBA,6/15/25,Jun-25,Tue,6/10/25, 109 ,92, 201 ,,27, 34 , 8 , 272 ,74%," $3,833 ", $890 ," $4,723 "
616,JBA,6/15/25,Jun-25,Wed,6/11/25, 116 ,81, 197 ,,20, 34 , 8 , 272 ,72%," $2,007 ", $822 ," $2,829 "
617,JBA,6/15/25,Jun-25,Thu,6/12/25, 83 ,52, 135 ,,11, 34 , 7 , 238 ,57%," $2,615 ", $487 ," $3,102 "
618,JBA,6/15/25,Jun-25,Fri,6/13/25, 101 ,42, 143 ,,20, 34 , 6 , 204 ,70%," $2,725 ", $577 ," $3,302 "
619,JBA,6/15/25,Jun-25,Sat,6/14/25, 73 ,16, 89 ,,20, 34 , 4 , 136 ,65%," $2,233 ", $171 ," $2,404 "
620,JBA,6/15/25,Jun-25,Sun,6/15/25, 63 ,55, 118 ,,14, 34 , 5 , 170 ,69%," $2,124 ", $549 ," $2,673 "
621,JBA,6/22/25,Jun-25,Mon,6/16/25, 104 ,86, 190 ,,19, 34 , 8 , 272 ,70%," $4,419 ", $818 ," $5,237 "
622,JBA,6/22/25,Jun-25,Tue,6/17/25, 141 ,69, 210 ,,34, 34 , 8 , 272 ,77%," $2,038 ", $661 ," $2,699 "
623,JBA,6/22/25,Jun-25,Wed,6/18/25, 102 ,52, 154 ,,19, 34 , 8 , 272 ,57%," $3,738 ", $525 ," $4,263 "
624,JBA,6/22/25,Jun-25,Thu,6/19/25, 131 ,46, 177 ,,22, 34 , 7 , 238 ,74%," $2,780 ", $515 ," $3,295 "
625,JBA,6/22/25,Jun-25,Fri,6/20/25, 100 ,44, 144 ,,20, 34 , 6 , 204 ,71%," $2,845 ", $450 ," $3,295 "
626,JBA,6/22/25,Jun-25,Sat,6/21/25, 82 ,13, 95 ,,12, 34 , 4 , 136 ,70%," $1,248 ", $128 ," $1,376 "
627,JBA,6/22/25,Jun-25,Sun,6/22/25, 44 ,70, 114 ,,26, 34 , 5 , 170 ,67%," $1,947 ", $599 ," $2,546 "
628,JBA,6/29/25,Jun-25,Mon,6/23/25, 110 ,77, 187 ,,14, 34 , 8 , 272 ,69%," $5,411 ", $800 ," $6,211 "
629,JBA,6/29/25,Jun-25,Tue,6/24/25, 106 ,65, 171 ,,29, 34 , 8 , 272 ,63%," $3,527 ", $676 ," $4,203 "
630,JBA,6/29/25,Jun-25,Wed,6/25/25, 115 ,58, 173 ,,23, 34 , 8 , 272 ,64%," $1,991 ", $535 ," $2,526 "
631,JBA,6/29/25,Jun-25,Thu,6/26/25, 128 ,46, 174 ,,15, 34 , 7 , 238 ,73%," $2,699 ", $432 ," $3,131 "
632,JBA,6/29/25,Jun-25,Fri,6/27/25, 91 ,30, 121 ,,13, 34 , 6 , 204 ,59%," $2,426 ", $349 ," $2,775 "
633,JBA,6/29/25,Jun-25,Sat,6/28/25, 99 ,5, 104 ,,19, 34 , 4 , 136 ,76%," $1,928 ", $51 ," $1,979 "
634,JBA,6/29/25,Jun-25,Sun,6/29/25, 74 ,55, 129 ,,26, 34 , 5 , 170 ,76%," $1,825 ", $478 ," $2,303 "
635,JBA,7/6/25,Jun-25,Mon,6/30/25, 92 ,83, 175 ,,20, 34 , 8 , 272 ,64%," $5,895 ", $876 ," $6,771 "
636,JBA,7/6/25,Jul-25,Tue,7/1/25, 106 ,82, 188 ,,16, 34 , 8 , 272 ,69%," $3,323 ", $853 ," $4,176 "
637,JBA,7/6/25,Jul-25,Wed,7/2/25, 101 ,69, 170 ,,16, 34 , 8 , 272 ,63%," $2,836 ", $648 ," $3,484 "
638,JBA,7/6/25,Jul-25,Thu,7/3/25, 121 ,43, 164 ,,6, 34 , 7 , 238 ,69%," $2,722 ", $437 ," $3,159 "
639,JBA,7/6/25,Jul-25,Fri,7/4/25, 67 ,37, 104 ,,12, 34 , 6 , 204 ,51%," $2,177 ", $429 ," $2,606 "
640,JBA,7/6/25,Jul-25,Sat,7/5/25, 71 ,16, 87 ,,16, 34 , 4 , 136 ,64%," $1,734 ", $139 ," $1,873 "
641,JBA,7/6/25,Jul-25,Sun,7/6/25, 73 ,54, 127 ,,21, 34 , 5 , 170 ,75%," $2,399 ", $538 ," $2,937 "
642,JBA,7/13/25,Jul-25,Mon,7/7/25, 106 ,68, 174 ,,18,34, 8 , 272 ,64%," $2,389 ", $635 ," $3,024 "
643,JBA,7/13/25,Jul-25,Tue,7/8/25, 111 ,55, 166 ,,14,34, 8 , 272 ,61%," $1,022 ", $586 ," $1,608 "
644,JBA,7/13/25,Jul-25,Wed,7/9/25, 77 ,71, 148 ,,14,34, 8 , 272 ,54%," $2,682 ", $657 ," $3,339 "
645,JBA,7/13/25,Jul-25,Thu,7/10/25, 108 ,62, 170 ,,14,34, 7 , 238 ,71%," $6,073 ", $619 ," $6,692 "
646,JBA,7/13/25,Jul-25,Fri,7/11/25, 90 ,42, 132 ,,14,34, 6 , 204 ,65%," $1,555 ", $504 ," $2,059 "
647,JBA,7/13/25,Jul-25,Sat,7/12/25, 77 ,14, 91 ,,25,34, 4 , 136 ,67%," $2,105 ", $138 ," $2,242 "
648,JBA,7/13/25,Jul-25,Sun,7/13/25, 87 ,59, 146 ,,36,34, 5 , 170 ,86%," $2,094 ", $596 ," $2,690 "
649,JBA,7/20/25,Jul-25,Mon,7/14/25, 98 ,76, 174 ,,19,34, 8 , 272 ,64%," $4,335 ", $784 ," $5,120 "
650,JBA,7/20/25,Jul-25,Tue,7/15/25, 109 ,79, 188 ,,27,34, 8 , 272 ,69%," $3,136 ", $806 ," $3,942 "
651,JBA,7/20/25,Jul-25,Wed,7/16/25, 125 ,57, 182 ,,14,34, 8 , 272 ,67%," $3,983 ", $542 ," $4,525 "
652,JBA,7/20/25,Jul-25,Thu,7/17/25, 314 ,38, 352 ,,13,34, 7 , 238 ,148%," $2,785 ", $336 ," $3,121 "
653,JBA,7/20/25,Jul-25,Fri,7/18/25, 113 ,32, 145 ,,13,34, 6 , 204 ,71%," $1,663 ", $330 ," $1,993 "
654,JBA,7/20/25,Jul-25,Sat,7/19/25, 95 ,12, 107 ,,13,34, 4 , 136 ,79%," $1,991 ", $100 ," $2,091 "
655,JBA,7/20/25,Jul-25,Sun,7/20/25, 105 ,26, 131 ,,13,34, 5 , 170 ,77%," $2,324 ", $249 ," $2,573 "
656,JBA,7/27/25,Jul-25,Mon,7/21/25, 132 ,55, 187 ,,13,34, 8 , 272 ,69%," $1,876 ", $582 ," $2,458 "
657,JBA,7/27/25,Jul-25,Tue,7/22/25, 152 ,24, 176 ,,12,34, 8 , 272 ,65%," $3,469 ", $244 ," $3,713 "
658,JBA,7/27/25,Jul-25,Wed,7/23/25, 135 ,33, 168 ,,11,34, 8 , 272 ,62%," $2,470 ", $332 ," $2,802 "
659,JBA,7/27/25,Jul-25,Thu,7/24/25, 128 ,19, 147 ,,11,34, 7 , 238 ,62%," $2,429 ", $195 ," $2,625 "
660,JBA,7/27/25,Jul-25,Fri,7/25/25, 113 ,14, 127 ,,9,34, 6 , 204 ,62%," $1,903 ", $128 ," $2,031 "
661,JBA,7/27/25,Jul-25,Sat,7/26/25, 114 ,18, 132 ,,40,34, 4 , 136 ,97%," $1,706 ", $140 ," $1,846 "
662,JBA,7/27/25,Jul-25,Sun,7/27/25, 98 ,32, 130 ,,23,34, 5 , 170 ,76%," $2,990 ", $289 ," $3,279 "
663,JBA,8/3/25,Jul-25,Mon,7/28/25, 124 ,32, 156 ,,13,34, 8 , 272 ,57%," $1,648 ", $284 ," $1,932 "
664,JBA,8/3/25,Jul-25,Tue,7/29/25, 142 ,43, 185 ,,18,34, 8 , 272 ,68%," $2,459 ", $388 ," $2,847 "
665,JBA,8/3/25,Jul-25,Wed,7/30/25, 129 ,36, 165 ,,10,34, 8 , 272 ,61%," $2,004 ", $348 ," $2,352 "
666,JBA,8/3/25,Jul-25,Thu,7/31/25, 105 ,48, 153 ,,5,34, 7 , 238 ,64%," $1,795 ", $492 ," $2,287 "
667,JBA,8/3/25,Aug-25,Fri,8/1/25, 107 ,34, 141 ,,17,34, 6 , 204 ,69%," $2,659 ", $333 ," $2,992 "
668,JBA,8/3/25,Aug-25,Sat,8/2/25, 118 ,40, 158 ,,21,34, 5 , 170 ,93%," $2,563 ", $430 ," $2,993 "
669,JBA,8/3/25,Aug-25,Sun,8/3/25, 82 ,35, 117 ,,29,34, 5 , 170 ,69%," $2,075 ", $391 ," $2,466 "
670,JBA,8/10/25,Aug-25,Mon,8/4/25, 114 ,62, 176 ,,11,34, 8 , 272 ,65%," $1,649 ", $604 ," $2,253 "
671,JBA,8/10/25,Aug-25,Tue,8/5/25, 135 ,41, 176 ,,14,34, 8 , 272 ,65%," $2,163 ", $400 ," $2,563 "
672,JBA,8/10/25,Aug-25,Wed,8/6/25, 117 ,41, 158 ,,16,34, 8 , 272 ,58%," $1,615 ", $340 ," $1,955 "
673,JBA,8/10/25,Aug-25,Thu,8/7/25, 113 ,49, 162 ,,10,34, 7 , 238 ,68%," $2,205 ", $501 ," $2,706 "
674,JBA,8/10/25,Aug-25,Fri,8/8/25, 100 ,39, 139 ,,25,34, 6 , 204 ,68%," $1,523 ", $321 ," $1,844 "
675,JBA,8/10/25,Aug-25,Sat,8/9/25, 124 ,24, 148 ,,25,34, 5 , 170 ,87%," $2,582 ", $249 ," $2,831 "
676,JBA,8/10/25,Aug-25,Sun,8/10/25, 113 ,59, 172 ,,45,34, 5 , 170 ,101%," $2,105 ", $598 ," $2,703 "
677,JBA,8/17/25,Aug-25,Mon,8/11/25, 118 ,57, 175 ,,13,34, 8 , 272 ,64%," $1,556 ", $518 ," $2,074 "
678,JBA,8/17/25,Aug-25,Tue,8/12/25, 144 ,64, 208 ,,18,34, 8 , 272 ,76%," $1,868 ", $602 ," $2,470 "
679,JBA,8/17/25,Aug-25,Wed,8/13/25, 117 ,55, 172 ,,17,34, 8 , 272 ,63%," $2,082 ", $489 ," $2,571 "
680,JBA,8/17/25,Aug-25,Thu,8/14/25, 121 ,64, 185 ,,22,34, 7 , 238 ,78%," $1,726 ", $555 ," $2,281 "
681,JBA,8/17/25,Aug-25,Fri,8/15/25, 113 ,42, 155 ,,7,34, 6 , 204 ,76%," $1,858 ", $442 ," $2,300 "
682,JBA,8/17/25,Aug-25,Sat,8/16/25, 135 ,23, 158 ,,33,34, 5 , 170 ,93%," $2,735 ", $190 ," $2,925 "
683,JBA,8/17/25,Aug-25,Sun,8/17/25, 81 ,42, 123 ,,13,34, 5 , 170 ,72%," $1,840 ", $382 ," $2,222 "
684,JBA,8/24/25,Aug-25,Mon,8/18/25, 137 ,68, 205 ,,17,34, 8 , 272 ,75%," $1,897 ", $690 ," $2,586 "
685,JBA,8/24/25,Aug-25,Tue,8/19/25, 150 ,58, 208 ,,17,34, 8 , 272 ,76%," $1,919 ", $642 ," $2,561 "
686,JBA,8/24/25,Aug-25,Wed,8/20/25, 111 ,66, 177 ,,10,34, 8 , 272 ,65%," $2,210 ", $668 ," $2,878 "
687,JBA,8/24/25,Aug-25,Thu,8/21/25, 104 ,44, 148 ,,5,34, 7 , 238 ,62%," $1,688 ", $429 ," $2,117 "
688,JBA,8/24/25,Aug-25,Fri,8/22/25, 104 ,45, 149 ,,5,34, 6 , 204 ,73%," $2,002 ", $501 ," $2,503 "
689,JBA,8/24/25,Aug-25,Sat,8/23/25, 123 ,27, 150 ,,31,34, 5 , 170 ,88%," $2,332 ", $316 ," $2,648 "
690,JBA,8/24/25,Aug-25,Sun,8/24/25, 84 ,38, 122 ,,12,34, 5 , 170 ,72%," $2,583 ", $361 ," $2,944 "
691,JBA,8/31/25,Aug-25,Mon,8/25/25, 111 ,75, 186 ,,18,34, 8 , 272 ,68%," $1,511 ", $642 ," $2,153 "
692,JBA,8/31/25,Aug-25,Tue,8/26/25, 115 ,61, 176 ,,13,34, 8 , 272 ,65%," $1,025 ", $644 ," $1,669 "
693,JBA,8/31/25,Aug-25,Wed,8/27/25, 108 ,38, 146 ,,12,34, 8 , 272 ,54%," $2,343 ", $439 ," $2,782 "
694,JBA,8/31/25,Aug-25,Thu,8/28/25, 114 ,37, 151 ,,7,34, 7 , 238 ,63%," $1,938 ", $422 ," $2,360 "
695,JBA,8/31/25,Aug-25,Fri,8/29/25, 81 ,36, 117 ,,5,34, 6 , 204 ,57%," $2,158 ", $346 ," $2,504 "
696,JBA,8/31/25,Aug-25,Sat,8/30/25, 115 ,25, 140 ,,19,34, 5 , 170 ,82%," $1,326 ", $227 ," $1,553 "
697,JBA,8/31/25,Aug-25,Sun,8/31/25, 82 ,47, 129 ,,18,34, 5 , 170 ,76%," $3,609 ", $452 ," $4,061 "
698,JBA,9/7/25,Sep-25,Mon,9/1/25, 127 ,49, 176 ,,18,34, 8 , 272 ,65%," $3,820 ", $536 ," $4,356 "
699,JBA,9/7/25,Sep-25,Tue,9/2/25, 103 ,30, 133 ,,8,34, 8 , 272 ,49%," $6,390 ", $291 ," $6,681 "
700,JBA,9/7/25,Sep-25,Wed,9/3/25, 125 ,48, 173 ,,12,34, 8 , 272 ,64%," $1,806 ", $373 ," $2,179 "
701,JBA,9/7/25,Sep-25,Thu,9/4/25, 103 ,58, 161 ,,15,34, 7 , 238 ,68%," $2,270 ", $522 ," $2,792 "
702,JBA,9/7/25,Sep-25,Fri,9/5/25, 102 ,47, 149 ,,10,34, 6 , 204 ,73%," $6,201 ", $519 ," $6,720 "
703,JBA,9/7/25,Sep-25,Sat,9/6/25, 128 ,24, 152 ,,16,34, 5 , 170 ,89%," $1,335 ", $257 ," $1,592 "
704,JBA,9/7/25,Sep-25,Sun,9/7/25, 78 ,28, 106 ,,10,34, 6 , 204 ,52%," $1,770 ", $303 ," $2,073 "
705,JBA,9/14/25,Sep-25,Mon,9/8/25, 96 ,58, 154 ,,7,34, 8 , 272 ,57%," $2,202 ", $523 ," $2,724 "
706,JBA,9/14/25,Sep-25,Tue,9/9/25, 126 ,70, 196 ,,15,34, 8 , 272 ,72%," $2,179 ", $671 ," $2,850 "
707,JBA,9/14/25,Sep-25,Wed,9/10/25, 107 ,52, 159 ,,10,34, 8 , 272 ,58%," $2,017 ", $545 ," $2,562 "
708,JBA,9/14/25,Sep-25,Thu,9/11/25, 93 ,49, 142 ,,7,34, 8 , 272 ,52%," $1,444 ", $495 ," $1,939 "
709,JBA,9/14/25,Sep-25,Fri,9/12/25, 71 ,45, 116 ,,8,34, 7 , 238 ,49%," $4,793 ", $399 ," $5,192 "
710,JBA,9/14/25,Sep-25,Sat,9/13/25, 101 ,16, 117 ,,11,34, 5 , 170 ,69%," $1,382 ", $165 ," $1,547 "
711,JBA,9/14/25,Sep-25,Sun,9/14/25, 57 ,42, 99 ,,11,34, 6 , 204 ,49%," $1,481 ", $363 ," $1,844 "
712,JBA,9/21/25,Sep-25,Mon,9/15/25, 92 ,73, 165 ,,11,34, 8 , 272 ,61%," $1,732 ", $643 ," $2,375 "
713,JBA,9/21/25,Sep-25,Tue,9/16/25, 117 ,76, 193 ,,15,34, 8 , 272 ,71%," $1,728 ", $695 ," $2,423 "
714,JBA,9/21/25,Sep-25,Wed,9/17/25, 99 ,67, 166 ,,13,34, 8 , 272 ,61%," $4,531 ", $672 ," $5,203 "
715,JBA,9/21/25,Sep-25,Thu,9/18/25, 98 ,59, 157 ,,6,34, 8 , 272 ,58%," $3,513 ", $568 ," $4,081 "
716,JBA,9/21/25,Sep-25,Fri,9/19/25, 92 ,60, 152 ,,21,34, 7 , 238 ,64%," $4,598 ", $579 ," $5,177 "
717,JBA,9/21/25,Sep-25,Sat,9/20/25, 108 ,39, 147 ,,26,34, 5 , 170 ,86%," $1,666 ", $366 ," $2,032 "
718,JBA,9/21/25,Sep-25,Sun,9/21/25, 75 ,33, 108 ,,12,34, 6 , 204 ,53%," $1,423 ", $273 ," $1,696 "
719,JBA,9/28/25,Sep-25,Mon,9/22/25, 78 ,76, 154 ,,16,34, 8 , 272 ,57%," $1,963 ", $704 ," $2,667 "
720,JBA,9/28/25,Sep-25,Tue,9/23/25, 128 ,87, 215 ,,29,34, 8 , 272 ,79%," $2,165 ", $771 ," $2,936 "
721,JBA,9/28/25,Sep-25,Wed,9/24/25, 85 ,72, 157 ,,19,34, 8 , 272 ,58%," $2,217 ", $662 ," $2,879 "
722,JBA,9/28/25,Sep-25,Thu,9/25/25, 108 ,54, 162 ,,17,34, 8 , 272 ,60%," $3,189 ", $547 ," $3,736 "
723,JBA,9/28/25,Sep-25,Fri,9/26/25, 92 ,62, 154 ,,29,34, 7 , 238 ,65%," $5,468 ", $563 ," $6,031 "
724,JBA,9/28/25,Sep-25,Sat,9/27/25, 107 ,30, 137 ,,28,34, 5 , 170 ,81%," $1,755 ", $259 ," $2,014 "
725,JBA,9/28/25,Sep-25,Sun,9/28/25, 75 ,48, 123 ,,20,34, 6 , 204 ,60%," $1,720 ", $392 ," $2,112 "
726,JBA,10/5/25,Sep-25,Mon,9/29/25, 92 ,66, 158 ,,14,34, 8 , 272 ,58%," $2,669 ", $677 ," $3,346 "
727,JBA,10/5/25,Sep-25,Tue,9/30/25, 99 ,83, 182 ,,22,34, 8 , 272 ,67%," $3,025 ", $738 ," $3,763 "
728,JBA,10/5/25,Oct-25,Wed,10/1/25, 103 ,76, 179 ,,21,34, 8 , 272 ,66%," $2,750 ", $694 ," $3,444 "
729,JBA,10/5/25,Oct-25,Thu,10/2/25, 109 ,54, 163 ,,6,34, 8 , 272 ,60%," $3,036 ", $511 ," $3,546 "
730,JBA,10/5/25,Oct-25,Fri,10/3/25, 68 ,69, 137 ,,14,34, 7 , 238 ,58%," $2,308 ", $524 ," $2,832 "
731,JBA,10/5/25,Oct-25,Sat,10/4/25, 86 ,46, 132 ,,18,34, 5 , 170 ,78%," $1,416 ", $402 ," $1,818 "
732,JBA,10/5/25,Oct-25,Sun,10/5/25, 66 ,54, 120 ,,17,34, 6 , 204 ,59%," $1,915 ", $405 ," $2,320 "
733,JBA,10/12/25,Oct-25,Mon,10/6/25, 107 ,101, 208 ,,12,34, 8 , 272 ,76%," $2,494 ", $761 ," $3,255 "
734,JBA,10/12/25,Oct-25,Tue,10/7/25, 122 ,98, 220 ,,17,34, 8 , 272 ,81%," $1,478 ", $708 ," $2,186 "
735,JBA,10/12/25,Oct-25,Wed,10/8/25, 93 ,83, 176 ,,18,34, 8 , 272 ,65%," $1,273 ", $529 ," $1,802 "
736,JBA,10/12/25,Oct-25,Thu,10/9/25, 105 ,86, 191 ,,9,34, 8 , 272 ,70%," $2,523 ", $592 ," $3,115 "
737,JBA,10/12/25,Oct-25,Fri,10/10/25, 91 ,75, 166 ,,25,34, 7 , 238 ,70%," $2,387 ", $443 ," $2,829 "
738,JBA,10/12/25,Oct-25,Sat,10/11/25, 106 ,23, 129 ,,30,34, 5 , 170 ,76%," $1,412 ", $147 ," $1,559 "
739,JBA,10/12/25,Oct-25,Sun,10/12/25, 65 ,47, 112 ,,17,34, 6 , 204 ,55%," $1,026 ", $337 ," $1,363 "
740,JBA,10/19/25,Oct-25,Mon,10/13/25, 84 ,105, 189 ,,23,34, 8 , 272 ,69%," $1,739 ", $706 ," $2,445 "
741,JBA,10/19/25,Oct-25,Tue,10/14/25, 115 ,100, 215 ,,24,34, 8 , 272 ,79%," $1,646 ", $762 ," $2,408 "
742,JBA,10/19/25,Oct-25,Wed,10/15/25, 95 ,78, 173 ,,19,34, 8 , 272 ,64%," $1,847 ", $590 ," $2,437 "
743,JBA,10/19/25,Oct-25,Thu,10/16/25, 98 ,73, 171 ,,7,34, 8 , 272 ,63%," $1,092 ", $653 ," $1,745 "
744,JBA,10/19/25,Oct-25,Fri,10/17/25, 88 ,54, 142 ,,10,34, 7 , 238 ,60%," $2,331 ", $448 ," $2,779 "
745,JBA,10/19/25,Oct-25,Sat,10/18/25, 107 ,24, 131 ,,29,34, 5 , 170 ,77%," $1,816 ", $203 ," $2,019 "
746,JBA,10/19/25,Oct-25,Sun,10/19/25, 64 ,60, 124 ,,10,34, 6 , 204 ,61%," $1,874 ", $523 ," $2,397 "
747,JBA,10/26/25,Oct-25,Mon,10/20/25, 91 ,72, 163 ,,11,34, 8 , 272 ,60%," $1,800 ", $723 ," $2,523 "
748,JBA,10/26/25,Oct-25,Tue,10/21/25, 117 ,81, 198 ,,19,34, 8 , 272 ,73%," $1,348 ", $723 ," $2,071 "
749,JBA,10/26/25,Oct-25,Wed,10/22/25, 74 ,45, 119 ,,13,34, 8 , 272 ,44%," $1,756 ", $374 ," $2,130 "
750,JBA,10/26/25,Oct-25,Thu,10/23/25, 91 ,61, 152 ,,19,34, 8 , 272 ,56%," $1,921 ", $577 ," $2,498 "
751,JBA,10/26/25,Oct-25,Fri,10/24/25, 82 ,60, 142 ,,16,34, 7 , 238 ,60%," $1,900 ", $571 ," $2,471 "
752,JBA,10/26/25,Oct-25,Sat,10/25/25, 93 ,25, 118 ,,16,34, 5 , 170 ,69%," $1,321 ", $210 ," $1,531 "
753,JBA,10/26/25,Oct-25,Sun,10/26/25, 83 ,39, 122 ,,15,34, 6 , 204 ,60%, $915 , $405 ," $1,320 "
754,JBA,11/2/25,Oct-25,Mon,10/27/25, 91 ,65, 156 ,,15,34, 8 , 272 ,57%," $1,776 ", $648 ," $2,424 "
755,JBA,11/2/25,Oct-25,Tue,10/28/25, 121 ,74, 195 ,,12,34, 8 , 272 ,72%," $2,500 ", $675 ," $3,175 "
756,JBA,11/2/25,Oct-25,Wed,10/29/25, 95 ,63, 158 ,,18,34, 8 , 272 ,58%," $1,664 ", $624 ," $2,288 "
757,JBA,11/2/25,Oct-25,Thu,10/30/25, 100 ,43, 143 ,,9,34, 8 , 272 ,53%, $965 , $406 ," $1,371 "
758,JBA,11/2/25,Oct-25,Fri,10/31/25, 67 ,49, 116 ,,31,34, 7 , 238 ,49%," $1,447 ", $441 ," $1,888 "
759,JBA,11/2/25,Nov-25,Sat,11/1/25, 83 ,20, 103 ,,27,34, 5 , 170 ,61%," $2,345 ", $184 ," $2,529 "
760,JBA,11/2/25,Nov-25,Sun,11/2/25, 51 ,67, 118 ,,19,34, 6 , 204 ,58%," $1,392 ", $510 ," $1,902 "
761,JBA,11/9/25,Nov-25,Mon,11/3/25, 95 ,68, 163 ,,21,34, 8 , 272 ,60%," $2,522 ", $623 ," $3,145 "
762,JBA,11/9/25,Nov-25,Tue,11/4/25, 106 ,69, 175 ,,17,34, 8 , 272 ,64%," $1,682 ", $597 ," $2,279 "
763,JBA,11/9/25,Nov-25,Wed,11/5/25, 86 ,69, 155 ,,13,34, 8 , 272 ,57%," $1,990 ", $620 ," $2,610 "
764,JBA,11/9/25,Nov-25,Thu,11/6/25, 95 ,62, 157 ,,13,34, 8 , 272 ,58%," $2,019 ", $514 ," $2,533 "
765,JBA,11/9/25,Nov-25,Fri,11/7/25, 63 ,71, 134 ,,13,34, 7 , 238 ,56%," $1,611 ", $571 ," $2,182 "
766,JBA,11/9/25,Nov-25,Sat,11/8/25, 88 ,24, 112 ,,12,34, 5 , 170 ,66%," $1,015 ", $189 ," $1,204 "
767,JBA,11/9/25,Nov-25,Sun,11/9/25, 66 ,60, 126 ,,19,34, 6 , 204 ,62%," $2,147 "," $4,474 "," $6,621 "
768,JBA,11/16/25,Nov-25,Mon,11/10/25, 86 ,85, 171 ,,15,34, 8 , 272 ,63%," $1,885 ", $619 ," $2,504 "
769,JBA,11/16/25,Nov-25,Tue,11/11/25, 103 ,68, 171 ,,14,34, 8 , 272 ,63%," $1,192 ", $561 ," $1,752 "
770,JBA,11/16/25,Nov-25,Wed,11/12/25, 76 ,77, 153 ,,7,34, 8 , 272 ,56%," $1,183 ", $611 ," $1,794 "
771,JBA,11/16/25,Nov-25,Thu,11/13/25, 131 ,62, 193 ,,26,34, 8 , 272 ,71%," $1,399 ", $491 ," $1,890 "
772,JBA,11/16/25,Nov-25,Fri,11/14/25, 83 ,54, 137 ,,15,34, 7 , 238 ,58%," $1,251 ", $546 ," $1,797 "
773,JBA,11/16/25,Nov-25,Sat,11/15/25, 97 ,22, 119 ,,25,34, 5 , 170 ,70%," $2,080 ", $170 ," $2,250 "
774,JBA,11/16/25,Nov-25,Sun,11/16/25, 66 ,61, 127 ,,21,34, 7 , 238 ,53%," $1,116 ", $566 ," $1,682 "
775,JBA,11/23/25,Nov-25,Mon,11/17/25, 93 ,76, 169 ,,20,34, 8 , 272 ,62%," $2,154 ", $744 ," $2,898 "
776,JBA,11/23/25,Nov-25,Tue,11/18/25, 103 ,81, 184 ,,14,34, 8 , 272 ,68%," $1,354 ", $836 ," $2,190 "
777,JBA,11/23/25,Nov-25,Wed,11/19/25, 97 ,44, 141 ,,15,34, 8 , 272 ,52%," $1,905 ", $437 ," $2,342 "
778,JBA,11/23/25,Nov-25,Thu,11/20/25, 81 ,36, 117 ,,9,34, 8 , 272 ,43%," $2,509 ", $367 ," $2,876 "
779,JBA,11/23/25,Nov-25,Fri,11/21/25, 76 ,44, 120 ,,10,34, 7 , 238 ,50%," $1,393 ", $459 ," $1,852 "
780,JBA,11/23/25,Nov-25,Sat,11/22/25, 96 ,17, 113 ,,16,34, 5 , 170 ,66%," $1,732 ", $187 ," $1,919 "
781,JBA,11/23/25,Nov-25,Sun,11/23/25, 49 ,45, 94 ,,10,34, 7 , 238 ,39%," $1,920 ", $437 ," $2,357 "
782,JBA,11/30/25,Nov-25,Mon,11/24/25, 81 ,48, 129 ,,6,34, 8 , 272 ,47%," $1,980 ", $433 ," $2,413 "
783,JBA,11/30/25,Nov-25,Tue,11/25/25, 109 ,57, 166 ,,23,34, 8 , 272 ,61%," $1,457 ", $601 ," $2,058 "
784,JBA,11/30/25,Nov-25,Wed,11/26/25, 74 ,64, 138 ,,14,34, 8 , 272 ,51%," $1,744 ", $616 ," $2,359 "
785,JBA,11/30/25,Nov-25,Thu,11/27/25, 52 ,57, 109 ,,2,34, 4 , 136 ,80%," $1,286 ", $659 ," $1,945 "
786,JBA,11/30/25,Nov-25,Fri,11/28/25, 57 ,46, 103 ,,15,34, 7 , 238 ,43%," $1,966 ", $455 ," $2,421 "
787,JBA,11/30/25,Nov-25,Sat,11/29/25, 69 ,30, 99 ,,10,34, 5 , 170 ,58%," $1,484 ", $293 ," $1,777 "
788,JBA,11/30/25,Nov-25,Sun,11/30/25, 75 ,56, 131 ,,28,34, 7 , 238 ,55%," $1,909 ", $518 ," $2,427 "
789,JBA,12/7/25,Dec-25,Mon,12/1/25, 88 ,58, 146 ,,7,34, 8 , 272 ,54%," $2,650 ", $655 ," $3,305 "
790,JBA,12/7/25,Dec-25,Tue,12/2/25, 99 ,69, 168 ,,17,34, 8 , 272 ,62%," $2,201 ", $701 ," $2,903 "
791,JBA,12/7/25,Dec-25,Wed,12/3/25, 84 ,54, 138 ,,12,34, 8 , 272 ,51%," $1,845 ", $557 ," $2,402 "
792,JBA,12/7/25,Dec-25,Thu,12/4/25, 75 ,52, 127 ,,7,34, 8 , 272 ,47%," $1,331 ", $589 ," $1,920 "
793,JBA,12/7/25,Dec-25,Fri,12/5/25, 71 ,45, 116 ,,4,34, 7 , 238 ,49%," $1,749 ", $487 ," $2,236 "
794,JBA,12/7/25,Dec-25,Sat,12/6/25, 100 ,16, 116 ,,14,34, 5 , 170 ,68%," $1,703 ", $130 ," $1,833 "
795,JBA,12/7/25,Dec-25,Sun,12/7/25, 61 ,52, 113 ,,15,34, 7 , 238 ,47%," $1,303 ", $530 ," $1,833 "
796,JBA,12/14/25,Dec-25,Mon,12/8/25, 95 ,76, 171 ,,11,34, 8 , 272 ,63%," $1,246 ", $897 ," $2,143 "
797,JBA,12/14/25,Dec-25,Tue,12/9/25, 116 ,68, 184 ,,16,34, 8 , 272 ,68%," $1,719 ", $757 ," $2,476 "
798,JBA,12/14/25,Dec-25,Wed,12/10/25, 79 ,61, 140 ,,7,34, 8 , 272 ,51%," $1,510 ", $673 ," $2,183 "
799,JBA,12/14/25,Dec-25,Thu,12/11/25, 90 ,49, 139 ,,13,34, 8 , 272 ,51%," $1,310 ", $487 ," $1,797 "
800,JBA,12/14/25,Dec-25,Fri,12/12/25, 71 ,45, 116 ,,8,34, 7 , 238 ,49%," $1,166 ", $529 ," $1,695 "
801,JBA,12/14/25,Dec-25,Sat,12/13/25, 82 ,21, 103 ,,25,34, 5 , 170 ,61%," $1,076 ", $202 ," $1,278 "
802,JBA,12/14/25,Dec-25,Sun,12/14/25, 56 ,47, 103 ,,12,34, 7 , 238 ,43%, $936 , $545 ," $1,481 "
803,JBA,12/21/25,Dec-25,Mon,12/15/25, 84 ,49, 133 ,,14,34, 8 , 272 ,49%," $2,484 ", $507 ," $2,991 "
804,JBA,12/21/25,Dec-25,Tue,12/16/25, 92 ,66, 158 ,,12,34, 8 , 272 ,58%," $1,350 ", $721 ," $2,071 "
805,JBA,12/21/25,Dec-25,Wed,12/17/25, 82 ,47, 129 ,,9,34, 8 , 272 ,47%," $1,720 ", $521 ," $2,241 "
806,JBA,12/21/25,Dec-25,Thu,12/18/25, 93 ,39, 132 ,,7,34, 8 , 272 ,49%," $1,898 ", $446 ," $2,344 "
807,JBA,12/21/25,Dec-25,Fri,12/19/25, 61 ,30, 91 ,,9,34, 6 , 204 ,45%," $2,206 ", $371 ," $2,577 "
808,JBA,12/21/25,Dec-25,Sat,12/20/25, 94 ,34, 128 , 75 ,27,34, 5 , 170 ,75%," $2,082 ", $385 ," $2,467 "
809,JBA,12/21/25,Dec-25,Sun,12/21/25, 48 ,57, 105 , 79 ,13,34, 7 , 238 ,44%," $1,757 ", $670 ," $2,427 "
810,JBA,12/28/25,Dec-25,Mon,12/22/25, 76 ,50, 126 , 99 ,6,34, 8 , 272 ,46%," $1,929 ", $557 ," $2,486 "
811,JBA,12/28/25,Dec-25,Tue,12/23/25, 93 ,55, 148 , 91 ,19,34, 8 , 272 ,54%," $1,466 ", $621 ," $2,087 "
812,JBA,12/28/25,Dec-25,Wed,12/24/25, 77 ,52, 129 , -   ,15,34, 5 , 170 ,76%," $1,579 ", $571 ," $2,150 "
813,JBA,12/28/25,Dec-25,Thu,12/25/25, -   ,0, -   , 92 ,0,34, -   , -   ,0%," $1,108 ", $-   ," $1,108 "
814,JBA,12/28/25,Dec-25,Fri,12/26/25, 88 ,50, 138 , 122 ,28,34, 6 , 204 ,68%, $670 , $568 ," $1,238 "
815,JBA,12/28/25,Dec-25,Sat,12/27/25, 62 ,38, 100 , 85 ,9,34, 5 , 170 ,59%," $2,289 ", $422 ," $2,711 "
816,JBA,12/28/25,Dec-25,Sun,12/28/25, 57 ,56, 113 , 122 ,21,34, 7 , 238 ,47%," $2,133 ", $573 ," $2,706 "
817,JBA,1/4/26,Dec-25,Mon,12/29/25, 100 ,64, 164 , 163 ,21,34, 8 , 272 ,60%," $2,137 ", $631 ," $2,768 "
818,JBA,1/4/26,Dec-25,Tue,12/30/25, 94 ,67, 161 , 101 ,19,34, 8 , 272 ,59%," $2,683 ", $647 ," $3,330 "
819,JBA,1/4/26,Dec-25,Wed,12/31/25, 84 ,71, 155 , 74 ,19,34, 5 , 170 ,91%," $1,500 ", $770 ," $2,270 "
820,JBA,1/4/26,Jan-26,Thu,1/1/26, 81 ,59, 140 , 151 ,20,34, 6 , 204 ,69%," $3,751 ", $656 ," $4,407 "
821,JBA,1/4/26,Jan-26,Fri,1/2/26, 111 ,74, 185 , 126 ,20,34, 7 , 238 ,78%," $2,879 ", $786 ," $3,665 "
822,JBA,1/4/26,Jan-26,Sat,1/3/26, 114 ,42, 156 , 105 ,27,34, 5 , 170 ,92%," $2,095 ", $361 ," $2,456 "
823,JBA,1/4/26,Jan-26,Sun,1/4/26, 104 ,73, 177 , 163 ,30,34, 7 , 238 ,74%," $2,474 ", $802 ," $3,276 "
824,JBA,1/11/26,Jan-26,Mon,1/5/26, 130 ,82, 212 , 183 ,22,34, 8 , 272 ,78%," $3,158 ", $798 ," $3,956 "
825,JBA,1/11/26,Jan-26,Tue,1/6/26, 151 ,82, 233 , 156 ,12,34, 8 , 272 ,86%," $2,675 ", $840 ," $3,515 "
826,JBA,1/11/26,Jan-26,Wed,1/7/26, 119 ,92, 211 , 166 ,16,34, 8 , 272 ,78%," $2,370 ", $915 ," $3,285 "
827,JBA,1/11/26,Jan-26,Thu,1/8/26, 128 ,72, 200 , -   ,21,34, 8 , 272 ,74%," $1,488 ", $689 ," $2,177 "
828,JBA,1/11/26,Jan-26,Fri,1/9/26, 104 ,72, 176 , 72 ,30,34, 7 , 238 ,74%," $2,484 ", $542 ," $3,026 "
829,JBA,1/11/26,Jan-26,Sat,1/10/26, 136 ,29, 165 , 100 ,36,34, 5 , 170 ,97%," $2,312 ", $285 ," $2,597 "
830,JBA,1/11/26,Jan-26,Sun,1/11/26, 102 ,78, 180 , 158 ,32,34, 7 , 238 ,76%," $1,305 ", $728 ," $2,033 "
831,JBA,1/18/26,Jan-26,Mon,1/12/26, 145 ,89, 234 , 185 ,27,34, 8 , 272 ,86%," $1,477 ", $854 ," $2,331 "
832,JBA,1/18/26,Jan-26,Tue,1/13/26, 155 ,83, 238 , 184 ,38,34, 8 , 272 ,88%," $1,862 ", $569 ," $2,431 "
833,JBA,1/18/26,Jan-26,Wed,1/14/26, 124 ,73, 197 , 190 ,21,34, 8 , 272 ,72%," $1,836 ", $719 ," $2,555 "
834,JBA,1/18/26,Jan-26,Thu,1/15/26, 127 ,58, 185 , 178 ,19,34, 8 , 272 ,68%," $2,476 ", $619 ," $3,094 "
835,JBA,1/18/26,Jan-26,Fri,1/16/26, 115 ,57, 172 , 130 ,21,34, 7 , 238 ,72%," $1,972 ", $575 ," $2,547 "
836,JBA,1/18/26,Jan-26,Sat,1/17/26, 130 ,9, 139 , 104 ,37,34, 5 , 170 ,82%," $2,142 ", $67 ," $2,209 "
837,JBA,1/18/26,Jan-26,Sun,1/18/26, 112 ,59, 171 , 107 ,36,34, 7 , 238 ,72%," $2,165 ", $446 ," $2,610 "
838,JBA,1/25/26,Jan-26,Mon,1/19/26, 155 ,61, 216 , 191 ,22,34, 8 , 272 ,79%," $1,666 ", $599 ," $2,265 "
839,JBA,1/25/26,Jan-26,Tue,1/20/26, 158 ,58, 216 , 184 ,19,34, 8 , 272 ,79%," $3,134 ", $616 ," $3,750 "
840,JBA,1/25/26,Jan-26,Wed,1/21/26, 117 ,69, 186 , 172 ,17,34, 8 , 272 ,68%," $1,876 ", $628 ," $2,504 "
841,JBA,1/25/26,Jan-26,Thu,1/22/26, 134 ,53, 187 , 163 ,15,34, 8 , 272 ,69%," $1,836 ", $530 ," $2,366 "
842,JBA,1/25/26,Jan-26,Fri,1/23/26, 91 ,42, 133 , 137 ,8,34, 7 , 238 ,56%," $1,466 ", $420 ," $1,886 "
843,JBA,1/25/26,Jan-26,Sat,1/24/26, -   ,0, -   , 104 ,0,34, -   , -   ,0%," $1,399 ", $-   ," $1,399 "
844,JBA,1/25/26,Jan-26,Sun,1/25/26, -   ,0, -   , 127 ,0,34, -   , -   ,0%," $1,246 ", $-   ," $1,246 "
845,JBA,2/1/26,Jan-26,Mon,1/26/26, -   ,0, -   , 165 ,0,34, -   , -   ,0%, $801 , $-   , $801 
846,JBA,2/1/26,Jan-26,Tue,1/27/26, 53 ,20, 73 , 197 ,1,34, 4 , 136 ,54%," $1,726 ", $230 ," $1,955 "
847,JBA,2/1/26,Jan-26,Wed,1/28/26, 84 ,54, 138 , 180 ,16,34, 8 , 272 ,51%," $2,962 ", $464 ," $3,427 "
848,JBA,2/1/26,Jan-26,Thu,1/29/26, 128 ,51, 179 , 151 ,12,34, 8 , 272 ,66%," $2,883 ", $512 ," $3,395 "
849,JBA,2/1/26,Jan-26,Fri,1/30/26, 111 ,47, 158 , 112 ,18,34, 7 , 238 ,66%," $2,482 ", $363 ," $2,845 "
850,JBA,2/1/26,Jan-26,Sat,1/31/26, 138 ,0, 138 , 103 ,18,34, 5 , 170 ,81%," $1,774 ", $-   ," $1,774 "
851,TEM,11/3/24,Nov-24,Fri,11/1/24, 25 , 34 , 59 ,, 12 , 25 , 4 , 194 ,30%, $518 , $347 , $865 
852,TEM,11/3/24,Nov-24,Sat,11/2/24, 23 , 51 , 74 ,, 26 , 25 , 4 , 136 ,54%, $486 , $650 ," $1,136 "
853,TEM,11/3/24,Nov-24,Sun,11/3/24, 9 , 38 , 47 ,, 12 , 25 , 3 , 152 ,31%, $293 , $487 , $780 
854,TEM,11/10/24,Nov-24,Mon,11/4/24, 19 , 54 , 73 ,, 10 , 25 , 5 , 272 ,27%, $322 , $715 ," $1,037 "
855,TEM,11/10/24,Nov-24,Tue,11/5/24, 42 , 67 , 109 ,, 36 , 25 , 7 , 266 ,41%, $302 , $741 ," $1,043 "
856,TEM,11/10/24,Nov-24,Wed,11/6/24, 30 , 62 , 92 ,, 16 , 25 , 6 , 238 ,39%, $529 , $714 ," $1,243 "
857,TEM,11/10/24,Nov-24,Thu,11/7/24, 30 , 50 , 80 ,, 17 , 25 , 4 , 254 ,31%, $939 , $511 ," $1,450 "
858,TEM,11/10/24,Nov-24,Fri,11/8/24, 26 , 47 , 73 ,, 12 , 25 , 4 , 194 ,38%, $526 , $530 ," $1,056 "
859,TEM,11/10/24,Nov-24,Sat,11/9/24, 23 , 49 , 72 ,, 28 , 25 , 4 , 100 ,72%, $249 , $585 , $834 
860,TEM,11/10/24,Nov-24,Sun,11/10/24, 17 , 41 , 58 ,, 14 , 25 , 3 , 194 ,30%, $110 , $436 , $546 
861,TEM,11/17/24,Nov-24,Mon,11/11/24, 31 , 63 , 94 ,, 18 , 25 , 5 , 125 ,75%, $341 , $767 ," $1,108 "
862,TEM,11/17/24,Nov-24,Tue,11/12/24, 28 , 30 , 58 ,, 9 , 25 , 3 , 266 ,22%, $537 , $365 , $902 
863,TEM,11/17/24,Nov-24,Wed,11/13/24, 48 , 69 , 117 ,, 29 , 25 , 6 , 150 ,78%, $310 , $864 ," $1,174 "
864,TEM,11/17/24,Nov-24,Thu,11/14/24, 31 , 44 , 75 ,, 13 , 25 , 4 , 254 ,30%, $760 , $566 ," $1,326 "
865,TEM,11/17/24,Nov-24,Fri,11/15/24, 39 , 48 , 87 ,, 15 , 25 , 3 , 194 ,45%, $414 , $577 , $991 
866,TEM,11/17/24,Nov-24,Sat,11/16/24, 21 , 46 , 67 ,, 24 , 25 , 3 , 136 ,49%, $213 , $516 , $729 
867,TEM,11/17/24,Nov-24,Sun,11/17/24, 24 , 33 , 57 ,, 12 , 25 , 3 , 194 ,29%, $224 , $417 , $641 
868,TEM,11/24/24,Nov-24,Mon,11/18/24, 36 , 60 , 96 ,, 17 , 25 , 5 , 125 ,77%, $167 , $641 , $808 
869,TEM,11/24/24,Nov-24,Tue,11/19/24, 31 , 74 , 105 ,, 11 , 25 , 6 , 150 ,70%," $1,199 ", $891 ," $2,090 "
870,TEM,11/24/24,Nov-24,Wed,11/20/24, 47 , 68 , 115 ,, 22 , 25 , 6 , 150 ,77%, $549 , $873 ," $1,422 "
871,TEM,11/24/24,Nov-24,Thu,11/21/24, 25 , 44 , 69 ,, 6 , 25 , 4 , 100 ,69%, $378 , $540 , $918 
872,TEM,11/24/24,Nov-24,Fri,11/22/24, 40 , 50 , 90 ,, 10 , 25 , 6 , 150 ,60%, $534 , $679 ," $1,213 "
873,TEM,11/24/24,Nov-24,Sat,11/23/24, 24 , 39 , 63 ,, 21 , 25 , 4 , 100 ,63%, $765 , $460 ," $1,225 "
874,TEM,11/24/24,Nov-24,Sun,11/24/24, 25 , 40 , 65 ,, 16 , 25 , 3 , 75 ,87%, $795 , $480 ," $1,275 "
875,TEM,12/1/24,Nov-24,Mon,11/25/24, 42 , 53 , 95 ,, 16 , 25 , 5 , 125 ,76%, $923 , $601 ," $1,524 "
876,TEM,12/1/24,Nov-24,Tue,11/26/24, 42 , 62 , 104 ,, 24 , 25 , 6 , 150 ,69%, $275 , $763 ," $1,038 "
877,TEM,12/1/24,Nov-24,Wed,11/27/24, 28 , 28 , 56 ,, 8 , 25 , 3 , 75 ,75%, $260 , $340 , $600 
878,TEM,12/1/24,Nov-24,Thu,11/28/24, 17 , 17 , 34 ,, 4 , 25 , 2 , 50 ,68%," $1,685 ", $211 ," $1,896 "
879,TEM,12/1/24,Nov-24,Fri,11/29/24, 45 , 41 , 86 ,, 18 , 25 , 5 , 125 ,69%, $734 , $514 ," $1,248 "
880,TEM,12/1/24,Nov-24,Sat,11/30/24, 33 , 40 , 73 ,, 17 , 25 , 4 , 100 ,73%, $421 , $467 , $888 
881,TEM,12/1/24,Dec-24,Sun,12/1/24, 28 , 17 , 45 ,, 11 , 25 , 2 , 50 ,90%, $939 , $237 ," $1,176 "
882,TEM,12/8/24,Dec-24,Mon,12/2/24, 38 , 56 , 94 ,, 15 , 25 , 5 , 125 ,75%," $3,070 ", $676 ," $3,746 "
883,TEM,12/8/24,Dec-24,Tue,12/3/24, 46 , 59 , 105 ,, 17 , 25 , 6 , 150 ,70%, $545 , $725 ," $1,270 "
884,TEM,12/8/24,Dec-24,Wed,12/4/24, 55 , 52 , 107 ,, 6 , 25 , 6 , 150 ,71%, $311 , $728 ," $1,039 "
885,TEM,12/8/24,Dec-24,Thu,12/5/24, 41 , 37 , 78 ,, 6 , 25 , 4 , 254 ,31%, $231 , $412 , $643 
886,TEM,12/8/24,Dec-24,Fri,12/6/24, 58 , 48 , 106 ,, 12 , 25 , 5 , 125 ,85%, $612 , $677 ," $1,289 "
887,TEM,12/8/24,Dec-24,Sat,12/7/24, 29 , 42 , 71 ,, 21 , 25 , 4 , 100 ,71%, $679 , $528 ," $1,207 "
888,TEM,12/8/24,Dec-24,Sun,12/8/24, 35 , 28 , 63 ,, 12 , 25 , 2 , 50 ,126%, $603 , $321 , $924 
889,TEM,12/15/24,Dec-24,Mon,12/9/24, 42 , 51 , 93 ,, 12 , 25 , 5 , 125 ,74%, $755 , $669 ," $1,424 "
890,TEM,12/15/24,Dec-24,Tue,12/10/24, 61 , 61 , 122 ,, 17 , 25 , 6 , 150 ,81%, $379 , $717 ," $1,096 "
891,TEM,12/15/24,Dec-24,Wed,12/11/24, 70 , 48 , 118 ,, 10 , 25 , 6 , 150 ,79%, $179 , $661 , $840 
892,TEM,12/15/24,Dec-24,Thu,12/12/24, 45 , 34 , 79 ,, 7 , 25 , 4 , 100 ,79%, $233 , $574 , $807 
893,TEM,12/15/24,Dec-24,Fri,12/13/24, 23 , 49 , 72 ,, 4 , 25 , 5 , 125 ,58%, $248 , $628 , $876 
894,TEM,12/15/24,Dec-24,Sat,12/14/24, 38 , 41 , 79 ,, 15 , 25 , 4 , 100 ,79%, $579 , $587 ," $1,166 "
895,TEM,12/15/24,Dec-24,Sun,12/15/24, 29 , 28 , 57 ,, 12 , 25 , 3 , 75 ,76%, $450 , $388 , $838 
896,TEM,12/22/24,Dec-24,Mon,12/16/24, 38 , 49 , 87 ,, 13 , 25 , 6 , 150 ,58%, $178 , $355 , $533 
897,TEM,12/22/24,Dec-24,Tue,12/17/24, 51 , 59 , 110 ,, 14 , 25 , 6 , 150 ,73%, $164 , $660 , $824 
898,TEM,12/22/24,Dec-24,Wed,12/18/24, 58 , 62 , 120 ,, 16 , 25 , 6 , 150 ,80%, $374 , $760 ," $1,134 "
899,TEM,12/22/24,Dec-24,Thu,12/19/24, 37 , 38 , 75 ,, 9 , 25 , 4 , 100 ,75%, $830 , $518 ," $1,348 "
900,TEM,12/22/24,Dec-24,Fri,12/20/24, 49 , 45 , 93 ,, 12 , 25 , 5 , 125 ,74%, $764 , $582 ," $1,346 "
901,TEM,12/22/24,Dec-24,Sat,12/21/24, 44 , 32 , 76 ,, 22 , 25 , 4 , 100 ,76%, $417 , $402 , $819 
902,TEM,12/22/24,Dec-24,Sun,12/22/24, 20 , 30 , 50 ,, 7 , 25 , 2 , 50 ,100%, $151 , $432 , $583 
903,TEM,12/29/24,Dec-24,Mon,12/23/24, 39 , 44 , 83 ,, 9 , 25 , 5 , 125 ,66%, $304 , $645 , $949 
904,TEM,12/29/24,Dec-24,Tue,12/24/24, 32 , 49 , 81 ,, 20 , 25 , 6 , 150 ,54%, $668 , $621 ," $1,289 "
905,TEM,12/29/24,Dec-24,Wed,12/25/24, -   , -   , -   ,,, 25 , 6 , -   ,0%, $-   , $-   , $-   
906,TEM,12/29/24,Dec-24,Thu,12/26/24, 30 , 33 , 63 ,, 10 , 25 , 4 , 100 ,63%, $692 , $435 ," $1,127 "
907,TEM,12/29/24,Dec-24,Fri,12/27/24, 47 , 45 , 92 ,, 15 , 25 , 5 , 125 ,74%, $504 , $630 ," $1,134 "
908,TEM,12/29/24,Dec-24,Sat,12/28/24, 38 , 39 , 77 ,, 17 , 25 , 4 , 100 ,77%, $463 , $669 ," $1,132 "
909,TEM,12/29/24,Dec-24,Sun,12/29/24, 25 , 35 , 60 ,, 10 , 25 , 2 , 50 ,120%, $707 , $406 ," $1,113 "
910,TEM,1/5/25,Dec-24,Mon,12/30/24, 35 , 44 , 79 ,, 10 , 25 , 5 , 125 ,63%, $964 , $568 ," $1,532 "
911,TEM,1/5/25,Dec-24,Tue,12/31/24, 42 , 33 , 75 ,, 11 , 25 , 4 , 100 ,75%, $630 , $475 ," $1,105 "
912,TEM,1/5/25,Jan-25,Wed,1/1/25, 28 , 38 , 66 ,, 18 , 25 , 4 , 100 ,66%," $1,182 ", $581 ," $1,763 "
913,TEM,1/5/25,Jan-25,Thu,1/2/25, 28 , 33 , 61 ,, 17 , 25 , 4 , 100 ,61%," $1,840 ", $383 ," $2,223 "
914,TEM,1/5/25,Jan-25,Fri,1/3/25, 26 , 54 , 80 ,, 12 , 25 , 5 , 125 ,64%, $754 , $678 ," $1,432 "
915,TEM,1/5/25,Jan-25,Sat,1/4/25, 29 , 42 , 71 ,, 20 , 25 , 4 , 100 ,71%," $1,053 ", $710 ," $1,763 "
916,TEM,1/5/25,Jan-25,Sun,1/5/25, 23 , 30 , 53 ,, 12 , 25 , 3 , 75 ,71%, $844 , $568 ," $1,412 "
917,TEM,1/12/25,Jan-25,Mon,1/6/25, 37 , 43 , 80 ,, 13 , 25 , 5 , 125 ,64%, $580 , $689 ," $1,269 "
918,TEM,1/12/25,Jan-25,Tue,1/7/25, 49 , 60 , 109 ,, 15 , 25 , 6 , 150 ,73%," $1,122 ", $697 ," $1,819 "
919,TEM,1/12/25,Jan-25,Wed,1/8/25, 49 , 55 , 104 ,, 12 , 25 , 6 , 150 ,69%, $887 , $722 ," $1,609 "
920,TEM,1/12/25,Jan-25,Thu,1/9/25, -   ,, -   ,,, 25 , -   , -   ,0%,,, $-   
921,TEM,1/12/25,Jan-25,Fri,1/10/25, 21 , 18 , 39 ,, 4 , 25 , 2 , 50 ,78%, $917 , $278 ," $1,195 "
922,TEM,1/12/25,Jan-25,Sat,1/11/25, 32 , 32 , 64 ,, 15 , 25 , 4 , 100 ,64%, $802 , $448 ," $1,250 "
923,TEM,1/12/25,Jan-25,Sun,1/12/25, 21 , 24 , 45 ,, 15 , 25 , 3 , 75 ,60%, $500 , $314 , $814 
924,TEM,1/19/25,Jan-25,Mon,1/13/25, 43 , 38 , 81 ,, 20 , 25 , 5 , 125 ,65%," $1,046 ", $525 ," $1,571 "
925,TEM,1/19/25,Jan-25,Tue,1/14/25, 49 , 48 , 97 ,, 13 , 25 , 6 , 150 ,65%," $1,856 ", $82 ," $1,938 "
926,TEM,1/19/25,Jan-25,Wed,1/15/25, 37 , 50 , 87 ,, 11 , 25 , 4 , 100 ,87%," $1,828 ", $801 ," $2,629 "
927,TEM,1/19/25,Jan-25,Thu,1/16/25, 43 , 34 , 77 ,, 21 , 25 , 4 , 100 ,77%, $455 , $563 ," $1,018 "
928,TEM,1/19/25,Jan-25,Fri,1/17/25, 39 , 47 , 86 ,, 22 , 25 , 5 , 125 ,69%," $1,174 ", $725 ," $1,899 "
929,TEM,1/19/25,Jan-25,Sat,1/18/25, 55 , 29 , 84 ,, 24 , 25 , 4 , 100 ,84%, $846 , $429 ," $1,275 "
930,TEM,1/19/25,Jan-25,Sun,1/19/25, 54 , 16 , 70 ,, 27 , 25 , 4 , 100 ,70%," $1,693 ", $240 ," $1,933 "
931,TEM,1/26/25,Jan-25,Mon,1/20/25, 49 , 32 , 81 ,, 14 , 25 , 5 , 125 ,65%, $614 , $372 , $986 
932,TEM,1/26/25,Jan-25,Tue,1/21/25, 50 , 46 , 96 ,, 23 , 25 , 6 , 150 ,64%," $1,502 ", $676 ," $2,178 "
933,TEM,1/26/25,Jan-25,Wed,1/22/25, 51 , 48 , 99 ,, 13 , 25 , 7 , 175 ,57%, $699 , $767 ," $1,466 "
934,TEM,1/26/25,Jan-25,Thu,1/23/25, 40 , 51 , 91 ,, 18 , 25 , 6 , 150 ,61%, $668 , $653 ," $1,321 "
935,TEM,1/26/25,Jan-25,Fri,1/24/25, 35 , 50 , 85 ,, 13 , 25 , 6 , 150 ,57%, $670 , $813 ," $1,483 "
936,TEM,1/26/25,Jan-25,Sat,1/25/25, 41 , 24 , 65 ,, 18 , 25 , 4 , 100 ,65%, $420 , $365 , $785 
937,TEM,1/26/25,Jan-25,Sun,1/26/25, 33 , 15 , 48 ,, 16 , 25 , 3 , 75 ,64%, $944 , $173 ," $1,117 "
938,TEM,2/2/25,Jan-25,Mon,1/27/25, 40 , 37 , 77 ,, 8 , 25 , 5 , 125 ,62%, $923 , $482 ," $1,405 "
939,TEM,2/2/25,Jan-25,Tue,1/28/25, 57 , 43 , 100 ,, 15 , 25 , 6 , 150 ,67%, $453 , $602 ," $1,055 "
940,TEM,2/2/25,Jan-25,Wed,1/29/25, 48 , 34 , 82 ,, 14 , 25 , 7 , 175 ,47%," $2,124 ", $498 ," $2,622 "
941,TEM,2/2/25,Jan-25,Thu,1/30/25, 43 , 35 , 78 ,, 18 , 25 , 6 , 150 ,52%, $926 , $335 ," $1,261 "
942,TEM,2/2/25,Jan-25,Fri,1/31/25, 49 , 39 , 88 ,, 12 , 25 , 6 , 150 ,59%, $818 , $611 ," $1,429 "
943,TEM,2/2/25,Feb-25,Sat,2/1/25, 48 , 18 , 66 ,, 15 , 25 , 4 , 100 ,66%," $2,673 ", $301 ," $2,974 "
944,TEM,2/2/25,Feb-25,Sun,2/2/25, 33 , 12 , 45 ,, 8 , 25 , 3 , 75 ,60%," $2,155 ", $154 ," $2,309 "
945,TEM,2/9/25,Feb-25,Mon,2/3/25, 50 , 24 , 74 ,, 10 , 25 , 5 , 125 ,59%, $863 , $470 ," $1,333 "
946,TEM,2/9/25,Feb-25,Tue,2/4/25, 50 , 48 , 98 ,, 18 , 25 , 6 , 150 ,65%, $846 , $662 ," $1,508 "
947,TEM,2/9/25,Feb-25,Wed,2/5/25, 37 , 46 , 83 ,, 14 , 25 , 6 , 150 ,55%," $1,782 ", $713 ," $2,495 "
948,TEM,2/9/25,Feb-25,Thu,2/6/25, 40 , 46 , 86 ,, 14 , 25 , 6 , 150 ,57%, $468 , $478 , $946 
949,TEM,2/9/25,Feb-25,Fri,2/7/25, 46 , 42 , 88 ,, 18 , 25 , 6 , 150 ,59%," $1,337 ", $486 ," $1,823 "
950,TEM,2/9/25,Feb-25,Sat,2/8/25, 42 , 15 , 57 ,, 10 , 25 , 4 , 100 ,57%, $581 , $213 , $794 
951,TEM,2/9/25,Feb-25,Sun,2/9/25, 46 , 8 , 54 ,, 10 , 25 , 3 , 75 ,72%, $723 , $137 , $860 
952,TEM,2/16/25,Feb-25,Mon,2/10/25, 37 , 38 , 75 ,, 12 , 25 , 5 , 125 ,60%, $548 , $529 ," $1,077 "
953,TEM,2/16/25,Feb-25,Tue,2/11/25, 55 , 49 , 104 ,, 16 , 25 , 7 , 175 ,59%, $682 , $737 ," $1,419 "
954,TEM,2/16/25,Feb-25,Wed,2/12/25, 45 , 29 , 74 ,, 6 , 25 , 7 , 175 ,42%," $1,389 ", $455 ," $1,844 "
955,TEM,2/16/25,Feb-25,Thu,2/13/25, 50 , 38 , 88 ,, 22 , 25 , 6 , 150 ,59%," $1,029 ", $362 ," $1,391 "
956,TEM,2/16/25,Feb-25,Fri,2/14/25, 40 , 37 , 77 ,, 10 , 25 , 5 , 125 ,62%," $1,364 ", $545 ," $1,909 "
957,TEM,2/16/25,Feb-25,Sat,2/15/25, 41 , 30 , 71 ,, 19 , 25 , 4 , 100 ,71%," $1,064 ", $389 ," $1,453 "
958,TEM,2/16/25,Feb-25,Sun,2/16/25, 37 , 10 , 47 ,, 11 , 25 , 3 , 75 ,63%, $948 , $97 ," $1,045 "
959,TEM,2/23/25,Feb-25,Mon,2/17/25, 49 , 39 , 88 ,, 11 , 25 , 5 , 125 ,70%," $1,470 ", $504 ," $1,974 "
960,TEM,2/23/25,Feb-25,Tue,2/18/25, 56 , 53 , 109 ,, 23 , 25 , 7 , 175 ,62%, $330 , $761 ," $1,091 "
961,TEM,2/23/25,Feb-25,Wed,2/19/25, 60 , 38 , 98 ,, 12 , 25 , 6 , 150 ,65%," $1,388 ", $624 ," $2,012 "
962,TEM,2/23/25,Feb-25,Thu,2/20/25, 50 , 33 , 83 ,, 16 , 25 , 6 , 150 ,55%," $1,230 ", $386 ," $1,616 "
963,TEM,2/23/25,Feb-25,Fri,2/21/25, 59 , 34 , 93 ,, 18 , 25 , 6 , 150 ,62%," $1,164 ", $540 ," $1,704 "
964,TEM,2/23/25,Feb-25,Sat,2/22/25, 53 , 34 , 87 ,, 28 , 25 , 5 , 125 ,70%, $938 , $409 ," $1,347 "
965,TEM,2/23/25,Feb-25,Sun,2/23/25, 26 , 17 , 43 ,, 9 , 25 , 3 , 75 ,57%, $606 , $220 , $826 
966,TEM,3/2/25,Feb-25,Mon,2/24/25, 50 , 35 , 85 ,, 14 , 25 , 8 , 200 ,43%, $725 , $505 ," $1,230 "
967,TEM,3/2/25,Feb-25,Tue,2/25/25, 61 , 48 , 109 ,, 22 , 25 , 7 , 175 ,62%, $952 , $687 ," $1,639 "
968,TEM,3/2/25,Feb-25,Wed,2/26/25, 47 , 45 , 92 ,, 21 , 25 , 7 , 175 ,53%," $1,091 ", $547 ," $1,638 "
969,TEM,3/2/25,Feb-25,Thu,2/27/25, 48 , 33 , 81 ,, 14 , 25 , 6 , 150 ,54%, $672 , $436 ," $1,108 "
970,TEM,3/2/25,Feb-25,Fri,2/28/25, 49 , 38 , 87 ,, 20 , 25 , 5 , 125 ,70%," $3,125 ", $662 ," $3,787 "
971,TEM,3/2/25,Mar-25,Sat,3/1/25, 48 , 24 , 72 ,, 20 , 25 , 4 , 100 ,72%," $2,618 ", $322 ," $2,940 "
972,TEM,3/2/25,Mar-25,Sun,3/2/25, 37 , 6 , 43 ,, 15 , 25 , 3 , 75 ,57%," $2,067 ", $55 ," $2,122 "
973,TEM,3/9/25,Mar-25,Mon,3/3/25, 57 , 22 , 79 ,, 16 , 25 , 5 , 125 ,63%, $810 , $286 ," $1,096 "
974,TEM,3/9/25,Mar-25,Tue,3/4/25, 48 , 26 , 74 ,, 29 , 25 , 5 , 125 ,59%," $1,127 ", $267 ," $1,394 "
975,TEM,3/9/25,Mar-25,Wed,3/5/25, 61 , 41 , 102 ,, 19 , 25 , 7 , 175 ,58%," $1,455 ", $543 ," $1,998 "
976,TEM,3/9/25,Mar-25,Thu,3/6/25, 57 , 30 , 87 ,, 8 , 25 , 6 , 150 ,58%, $905 , $406 ," $1,311 "
977,TEM,3/9/25,Mar-25,Fri,3/7/25, 61 , 29 , 90 ,, 13 , 25 , 5 , 125 ,72%," $1,571 ", $362 ," $1,933 "
978,TEM,3/9/25,Mar-25,Sat,3/8/25, 50 , 24 , 74 ,, 14 , 25 , 4 , 100 ,74%, $605 , $298 , $903 
979,TEM,3/9/25,Mar-25,Sun,3/9/25, 41 , 4 , 45 ,, 5 , 25 , 3 , 75 ,60%," $1,178 ", $53 ," $1,231 "
980,TEM,3/16/25,Mar-25,Mon,3/10/25, 58 , 18 , 76 ,, 11 , 25 , 5 , 125 ,61%," $1,079 ", $308 ," $1,387 "
981,TEM,3/16/25,Mar-25,Tue,3/11/25, 67 , 31 , 98 ,, 14 , 25 , 7 , 175 ,56%, $742 , $376 ," $1,118 "
982,TEM,3/16/25,Mar-25,Wed,3/12/25, 78 , 33 , 111 ,, 16 , 25 , 4 , 100 ,111%, $667 , $520 ," $1,187 "
983,TEM,3/16/25,Mar-25,Thu,3/13/25, 53 , 21 , 74 ,, 6 , 25 , 4 , 100 ,74%, $836 , $257 ," $1,093 "
984,TEM,3/16/25,Mar-25,Fri,3/14/25, 65 , 22 , 87 ,, 16 , 25 , 5 , 125 ,70%," $1,335 ", $268 ," $1,603 "
985,TEM,3/16/25,Mar-25,Sat,3/15/25, 19 ,18, 37 ,,5, 25 , 4 , 100 ,37%, $890 , $197 ," $1,087 "
986,TEM,3/16/25,Mar-25,Sun,3/16/25, -   ,0, -   ,,0, 25 , 3 , -   ,0%, $627 , $135 , $762 
987,TEM,3/23/25,Mar-25,Mon,3/17/25, 69 ,10, 79 ,,9, 25 , 5 , 125 ,63%," $1,014 ", $264 ," $1,278 "
988,TEM,3/23/25,Mar-25,Tue,3/18/25, 70 ,26, 96 ,,8, 25 , 4 , 100 ,96%," $1,170 ", $320 ," $1,490 "
989,TEM,3/23/25,Mar-25,Wed,3/19/25, 82 ,20, 102 ,,15, 25 , 4 , 100 ,102%," $1,498 ", $251 ," $1,749 "
990,TEM,3/23/25,Mar-25,Thu,3/20/25, 32 ,5, 37 ,,5, 25 , 3 , 75 ,49%," $1,265 ", $75 ," $1,340 "
991,TEM,3/23/25,Mar-25,Fri,3/21/25, 61 ,20, 81 ,,7, 25 , 5 , 125 ,65%," $1,906 ", $308 ," $2,214 "
992,TEM,3/23/25,Mar-25,Sat,3/22/25, 50 ,9, 59 ,,13, 25 , 4 , 100 ,59%, $365 , $100 , $465 
993,TEM,3/23/25,Mar-25,Sun,3/23/25, 40 ,2, 42 ,,4, 25 , 3 , 75 ,56%," $1,500 ", $26 ," $1,526 "
994,TEM,3/30/25,Mar-25,Mon,3/24/25, 68 ,9, 77 ,,8, 25 , 5 , 125 ,62%," $1,189 ", $152 ," $1,341 "
995,TEM,3/30/25,Mar-25,Tue,3/25/25, 83 ,18, 101 ,,10, 25 , 7 , 175 ,58%, $780 , $292 ," $1,072 "
996,TEM,3/30/25,Mar-25,Wed,3/26/25, 76 ,23, 99 ,,11, 25 , 7 , 175 ,57%," $1,781 ", $258 ," $2,039 "
997,TEM,3/30/25,Mar-25,Thu,3/27/25, 59 ,2, 61 ,,3, 25 , 6 , 150 ,41%," $1,158 ", $35 ," $1,193 "
998,TEM,3/30/25,Mar-25,Fri,3/28/25, 57 ,11, 68 ,,18, 25 , 6 , 150 ,45%, $992 , $182 ," $1,174 "
999,TEM,3/30/25,Mar-25,Sat,3/29/25, 56 ,7, 63 ,,18, 25 , 4 , 100 ,63%, $878 , $100 , $978 
1000,TEM,3/30/25,Mar-25,Sun,3/30/25, 44 ,3, 47 ,,8, 25 , 3 , 75 ,63%, $403 , $40 , $443 
1001,TEM,4/6/25,Mar-25,Mon,3/31/25, 73 , 16 , 89 ,, 8 , 25 , 5 , 125 ,71%," $1,347 ", $198 ," $1,545 "
1002,TEM,4/6/25,Apr-25,Tue,4/1/25, 67 ,28, 95 ,,9, 25 , 7 , 175 ,54%," $2,570 ", $431 ," $3,001 "
1003,TEM,4/6/25,Apr-25,Wed,4/2/25, 83 ,23, 106 ,,13, 25 , 7 , 175 ,61%," $2,668 ", $287 ," $2,955 "
1004,TEM,4/6/25,Apr-25,Thu,4/3/25, 64 ,19, 83 ,,12, 25 , 6 , 150 ,55%," $1,278 ", $216 ," $1,494 "
1005,TEM,4/6/25,Apr-25,Fri,4/4/25, 79 ,14, 93 ,,17, 25 , 6 , 150 ,62%," $1,554 ", $194 ," $1,748 "
1006,TEM,4/6/25,Apr-25,Sat,4/5/25, 52 ,7, 59 ,,13, 25 , 4 , 100 ,59%, $989 , $79 ," $1,068 "
1007,TEM,4/6/25,Apr-25,Sun,4/6/25, 39 ,5, 44 ,,11, 25 , 3 , 75 ,59%," $1,105 ", $66 ," $1,171 "
1008,TEM,4/13/25,Apr-25,Mon,4/7/25, 71 ,3, 74 ,,8, 25 , 5 , 125 ,59%," $1,888 ", $73 ," $1,961 "
1009,TEM,4/13/25,Apr-25,Tue,4/8/25, 75 ,6, 81 ,,3, 25 , 7 , 175 ,46%, $946 , $99 ," $1,045 "
1010,TEM,4/13/25,Apr-25,Wed,4/9/25, 71 ,12, 83 ,,10, 25 , 7 , 175 ,47%, $848 , $124 , $972 
1011,TEM,4/13/25,Apr-25,Thu,4/10/25, 73 ,5, 78 ,,3, 25 , 5 , 125 ,62%, $991 , $74 ," $1,065 "
1012,TEM,4/13/25,Apr-25,Fri,4/11/25, 76 ,9, 85 ,,10, 25 , 6 , 150 ,57%, $831 , $115 , $946 
1013,TEM,4/13/25,Apr-25,Sat,4/12/25, 52 ,6, 58 ,,12, 25 , 4 , 100 ,58%, $597 , $55 , $652 
1014,TEM,4/13/25,Apr-25,Sun,4/13/25, 32 ,5, 37 ,,1, 25 , 3 , 75 ,49%, $633 , $54 , $687 
1015,TEM,4/20/25,Apr-25,Mon,4/14/25, 77 ,3, 80 ,,3, 25 , 5 , 125 ,64%," $1,994 ", $61 ," $2,055 "
1016,TEM,4/20/25,Apr-25,Tue,4/15/25, 61 ,17, 78 ,,8, 25 , 7 , 175 ,45%," $1,016 ", $160 ," $1,176 "
1017,TEM,4/20/25,Apr-25,Wed,4/16/25, 76 ,27, 103 ,,15, 25 , 7 , 175 ,59%," $1,040 ", $245 ," $1,285 "
1018,TEM,4/20/25,Apr-25,Thu,4/17/25, 73 ,16, 89 ,,2, 25 , 6 , 150 ,59%," $3,088 ", $179 ," $3,267 "
1019,TEM,4/20/25,Apr-25,Fri,4/18/25, 70 ,15, 85 ,,4, 25 , 6 , 150 ,57%," $1,290 ", $206 ," $1,496 "
1020,TEM,4/20/25,Apr-25,Sat,4/19/25, 54 ,3, 57 ,,13, 25 , 4 , 100 ,57%," $1,073 ", $43 ," $1,116 "
1021,TEM,4/20/25,Apr-25,Sun,4/20/25, 47 ,8, 40 ,,4, 25 , 3 , 75 ,53%, $926 , $84 ," $1,010 "
1022,TEM,4/27/25,Apr-25,Mon,4/21/25, 85 ,3, 88 ,,4, 25 , 5 , 125 ,70%," $2,331 ", $44 ," $2,375 "
1023,TEM,4/27/25,Apr-25,Tue,4/22/25, 80 ,7, 87 ,,5, 25 , 7 , 175 ,50%, $831 , $192 ," $1,023 "
1024,TEM,4/27/25,Apr-25,Wed,4/23/25, 68 ,23, 91 ,,8, 25 , 7 , 175 ,52%," $1,169 ", $277 ," $1,446 "
1025,TEM,4/27/25,Apr-25,Thu,4/24/25, 73 ,8, 81 ,,12, 25 , 6 , 150 ,54%," $1,093 ", $110 ," $1,203 "
1026,TEM,4/27/25,Apr-25,Fri,4/25/25, 76 ,10, 86 ,,8, 25 , 6 , 150 ,57%, $965 , $124 ," $1,089 "
1027,TEM,4/27/25,Apr-25,Sat,4/26/25, 44 ,9, 53 ,,6, 25 , 4 , 100 ,53%," $1,452 ", $95 ," $1,547 "
1028,TEM,4/27/25,Apr-25,Sun,4/27/25, 33 ,8, 41 ,,4, 25 , 3 , 75 ,55%, $647 , $93 , $740 
1029,TEM,5/4/25,Apr-25,Mon,4/28/25, 73 ,4, 77 ,,4, 25 , 5 , 125 ,62%," $1,429 ", $92 ," $1,521 "
1030,TEM,5/4/25,Apr-25,Tue,4/29/25, 81 ,17, 98 ,,10, 25 , 7 , 175 ,56%," $1,381 ", $181 ," $1,562 "
1031,TEM,5/4/25,Apr-25,Wed,4/30/25, 82 ,15, 97 ,,7, 25 , 7 , 175 ,55%," $1,241 ", $220 ," $1,461 "
1032,TEM,5/4/25,May-25,Thu,5/1/25, 78 ,11, 89 ,,5, 25 , 6 , 150 ,59%," $3,428 ", $140 ," $3,568 "
1033,TEM,5/4/25,May-25,Fri,5/2/25, 76 ,12, 88 ,,9, 25 , 6 , 150 ,59%," $7,421 ", $159 ," $7,580 "
1034,TEM,5/4/25,May-25,Sat,5/3/25, 59 ,9, 68 ,,15, 25 , 4 , 100 ,68%, $863 , $107 , $970 
1035,TEM,5/4/25,May-25,Sun,5/4/25, 43 ,6, 49 ,,8, 25 , 3 , 75 ,65%," $1,719 ", $57 ," $1,776 "
1036,TEM,5/11/25,May-25,Mon,5/5/25, 81 ,5, 86 ,,3, 25 , 5 , 125 ,69%," $1,351 ", $116 ," $1,467 "
1037,TEM,5/11/25,May-25,Tue,5/6/25, 76 ,13, 89 ,,3, 25 , 7 , 175 ,51%," $1,043 ", $181 ," $1,224 "
1038,TEM,5/11/25,May-25,Wed,5/7/25, 83 ,8, 91 ,,4, 25 , 7 , 175 ,52%," $2,047 ", $76 ," $2,123 "
1039,TEM,5/11/25,May-25,Thu,5/8/25, 60 ,11, 71 ,,6, 25 , 6 , 150 ,47%," $1,823 ", $138 ," $1,961 "
1040,TEM,5/11/25,May-25,Fri,5/9/25, 88 ,8, 96 ,,10, 25 , 6 , 150 ,64%," $1,175 ", $118 ," $1,293 "
1041,TEM,5/11/25,May-25,Sat,5/10/25, 54 ,9, 63 ,,16, 25 , 4 , 100 ,63%, $773 , $111 , $884 
1042,TEM,5/11/25,May-25,Sun,5/11/25, 30 ,7, 37 ,,4, 25 , 3 , 75 ,49%, $767 , $69 , $836 
1043,TEM,5/18/25,May-25,Mon,5/12/25, 73 ,6, 79 ,,6, 25 , 5 , 125 ,63%," $1,530 ", $117 ," $1,647 "
1044,TEM,5/18/25,May-25,Tue,5/13/25, 88 ,8, 96 ,,7, 25 , 7 , 175 ,55%," $1,728 ", $87 ," $1,815 "
1045,TEM,5/18/25,May-25,Wed,5/14/25, 92 ,12, 104 ,,3, 25 , 7 , 175 ,59%," $2,054 ", $143 ," $2,197 "
1046,TEM,5/18/25,May-25,Thu,5/15/25, 66 ,11, 77 ,,9, 25 , 6 , 150 ,51%," $1,204 ", $175 ," $1,379 "
1047,TEM,5/18/25,May-25,Fri,5/16/25, 87 ,11, 98 ,,8, 25 , 6 , 150 ,65%, $922 , $159 ," $1,081 "
1048,TEM,5/18/25,May-25,Sat,5/17/25, 44 ,6, 50 ,,10, 25 , 4 , 100 ,50%," $2,180 ", $65 ," $2,245 "
1049,TEM,5/18/25,May-25,Sun,5/18/25, 37 ,8, 45 ,,3, 25 , 3 , 75 ,60%, $920 , $78 , $998 
1050,TEM,5/25/25,May-25,Mon,5/19/25, 86 ,13, 99 ,,5, 25 , 7 , 175 ,57%," $1,275 ", $189 ," $1,464 "
1051,TEM,5/25/25,May-25,Tue,5/20/25, 98 ,12, 110 ,,13, 25 , 8 , 200 ,55%," $1,454 ", $174 ," $1,628 "
1052,TEM,5/25/25,May-25,Wed,5/21/25, 99 ,14, 113 ,,11, 25 , 8 , 200 ,57%," $1,437 ", $137 ," $1,574 "
1053,TEM,5/25/25,May-25,Thu,5/22/25, 60 ,10, 70 ,,5, 25 , 6 , 150 ,47%," $1,105 ", $100 ," $1,205 "
1054,TEM,5/25/25,May-25,Fri,5/23/25, 84 ,5, 89 ,,7, 25 , 6 , 150 ,59%," $1,397 ", $63 ," $1,460 "
1055,TEM,5/25/25,May-25,Sat,5/24/25, 42 ,5, 47 ,,12, 25 , 4 , 100 ,47%, $597 , $34 , $631 
1056,TEM,5/25/25,May-25,Sun,5/25/25, 21 ,6, 27 ,,1, 25 , 3 , 75 ,36%," $1,293 ", $65 ," $1,358 "
1057,TEM,6/1/25,May-25,Mon,5/26/25, 48 ,13, 61 ,,7, 25 , 7 , 175 ,35%," $1,631 ", $177 ," $1,808 "
1058,TEM,6/1/25,May-25,Tue,5/27/25, 90 ,19, 109 ,,6, 25 , 8 , 200 ,55%," $2,465 ", $196 ," $2,661 "
1059,TEM,6/1/25,May-25,Wed,5/28/25, 97 ,11, 108 ,,10, 25 , 8 , 200 ,54%," $2,019 ", $130 ," $2,149 "
1060,TEM,6/1/25,May-25,Thu,5/29/25, 89 ,13, 102 ,,10, 25 , 7 , 175 ,58%," $1,833 ", $140 ," $1,973 "
1061,TEM,6/1/25,May-25,Fri,5/30/25, 76 ,8, 84 ,,4, 25 , 6 , 150 ,56%," $1,347 ", $107 ," $1,454 "
1062,TEM,6/1/25,May-25,Sat,5/31/25, 54 ,7, 61 ,,9, 25 , 4 , 100 ,61%, $773 , $78 , $851 
1063,TEM,6/1/25,Jun-25,Sun,6/1/25, 38 ,8, 46 ,,10, 25 , 3 , 75 ,61%," $2,772 ", $80 ," $2,852 "
1064,TEM,6/8/25,Jun-25,Mon,6/2/25, 97 ,4, 101 ,,15, 25 , 7 , 175 ,58%," $2,302 ", $59 ," $2,361 "
1065,TEM,6/8/25,Jun-25,Tue,6/3/25, 98 ,15, 113 ,,9, 25 , 8 , 200 ,57%," $1,712 ", $179 ," $1,891 "
1066,TEM,6/8/25,Jun-25,Wed,6/4/25, 102 ,15, 117 ,,10, 25 , 8 , 200 ,59%," $1,916 ", $159 ," $2,075 "
1067,TEM,6/8/25,Jun-25,Thu,6/5/25, 95 ,11, 106 ,,7, 25 , 7 , 175 ,61%," $1,887 ", $127 ," $2,014 "
1068,TEM,6/8/25,Jun-25,Fri,6/6/25, 93 ,0, 93 ,,7, 25 , 6 , 150 ,62%, $985 , $-   , $985 
1069,TEM,6/8/25,Jun-25,Sat,6/7/25, 53 ,0, 53 ,,6, 25 , 4 , 100 ,53%," $1,475 ", $-   ," $1,475 "
1070,TEM,6/8/25,Jun-25,Sun,6/8/25, 34 ,0, 34 ,,7, 25 , 3 , 75 ,45%," $1,809 ", $76 ," $1,885 "
1071,TEM,6/15/25,Jun-25,Mon,6/9/25, 92 ,3, 95 ,,5, 25 , 7 , 175 ,54%," $1,539 ", $22 ," $1,561 "
1072,TEM,6/15/25,Jun-25,Tue,6/10/25, 106 ,18, 124 ,,15, 25 , 8 , 200 ,62%," $1,912 ", $179 ," $2,091 "
1073,TEM,6/15/25,Jun-25,Wed,6/11/25, 110 ,10, 120 ,,8, 25 , 8 , 200 ,60%," $1,475 ", $136 ," $1,611 "
1074,TEM,6/15/25,Jun-25,Thu,6/12/25, 69 ,15, 84 ,,6, 25 , 7 , 175 ,48%," $1,684 ", $196 ," $1,880 "
1075,TEM,6/15/25,Jun-25,Fri,6/13/25, 78 ,4, 82 ,,3, 25 , 6 , 150 ,55%," $1,375 ", $55 ," $1,430 "
1076,TEM,6/15/25,Jun-25,Sat,6/14/25, 62 ,0, 62 ,,6, 25 , 4 , 100 ,62%," $2,267 ", $-   ," $2,267 "
1077,TEM,6/15/25,Jun-25,Sun,6/15/25, 27 ,7, 34 ,,7, 25 , 3 , 75 ,45%, $886 , $65 , $951 
1078,TEM,6/22/25,Jun-25,Mon,6/16/25, 99 ,5, 104 ,,9, 25 , 7 , 175 ,59%," $1,826 ", $70 ," $1,896 "
1079,TEM,6/22/25,Jun-25,Tue,6/17/25, 90 ,16, 106 ,,15, 25 , 8 , 200 ,53%," $1,134 ", $163 ," $1,297 "
1080,TEM,6/22/25,Jun-25,Wed,6/18/25, 98 ,16, 114 ,,9, 25 , 8 , 200 ,57%," $2,022 ", $186 ," $2,208 "
1081,TEM,6/22/25,Jun-25,Thu,6/19/25, 100 ,9, 109 ,,11, 25 , 7 , 175 ,62%," $1,908 ", $129 ," $2,037 "
1082,TEM,6/22/25,Jun-25,Fri,6/20/25, 89 ,4, 93 ,,8, 25 , 6 , 150 ,62%, $974 , $51 ," $1,025 "
1083,TEM,6/22/25,Jun-25,Sat,6/21/25, 61 ,0, 61 ,,6, 25 , 4 , 100 ,61%, $895 , $-   , $895 
1084,TEM,6/22/25,Jun-25,Sun,6/22/25, 40 ,5, 45 ,,4, 25 , 3 , 75 ,60%, $886 , $82 , $968 
1085,TEM,6/29/25,Jun-25,Mon,6/23/25, 84 ,5, 89 ,,5, 25 , 6 , 150 ,59%," $2,198 ", $77 ," $2,275 "
1086,TEM,6/29/25,Jun-25,Tue,6/24/25, 105 ,12, 117 ,,13, 25 , 8 , 200 ,59%," $1,746 ", $114 ," $1,860 "
1087,TEM,6/29/25,Jun-25,Wed,6/25/25, 91 ,8, 99 ,,4, 25 , 8 , 200 ,50%," $1,323 ", $82 ," $1,405 "
1088,TEM,6/29/25,Jun-25,Thu,6/26/25, 99 ,9, 108 ,,7, 25 , 7 , 175 ,62%," $1,361 ", $104 ," $1,465 "
1089,TEM,6/29/25,Jun-25,Fri,6/27/25, 83 ,4, 87 ,,2, 25 , 6 , 150 ,58%, $897 , $33 , $930 
1090,TEM,6/29/25,Jun-25,Sat,6/28/25, 62 ,0, 62 ,,8, 25 , 4 , 100 ,62%," $1,351 ", $-   ," $1,351 "
1091,TEM,6/29/25,Jun-25,Sun,6/29/25, 38 ,6, 44 ,,1, 25 , 3 , 75 ,59%," $1,448 ", $65 ," $1,513 "
1092,TEM,7/6/25,Jun-25,Mon,6/30/25, 98 ,0, 98 ,,4, 25 , 7 , 175 ,56%," $2,923 ", $-   ," $2,923 "
1093,TEM,7/6/25,Jul-25,Tue,7/1/25, 101 ,12, 113 ,,14, 25 , 8 , 200 ,57%," $3,405 ", $92 ," $3,497 "
1094,TEM,7/6/25,Jul-25,Wed,7/2/25, 108 ,2, 110 ,,7, 25 , 8 , 200 ,55%," $2,155 ", $11 ," $2,166 "
1095,TEM,7/6/25,Jul-25,Thu,7/3/25, 79 ,11, 90 ,,4, 25 , 7 , 175 ,51%," $1,049 ", $127 ," $1,176 "
1096,TEM,7/6/25,Jul-25,Fri,7/4/25, 74 ,7, 81 ,,7, 25 , 6 , 150 ,54%," $1,022 ", $44 ," $1,066 "
1097,TEM,7/6/25,Jul-25,Sat,7/5/25, 43 ,3, 46 ,,5, 25 , 4 , 100 ,46%," $1,257 ", $32 ," $1,289 "
1098,TEM,7/6/25,Jul-25,Sun,7/6/25, 41 ,7, 48 ,,4, 25 , 3 , 75 ,64%," $1,284 ", $82 ," $1,366 "
1099,TEM,7/13/25,Jul-25,Mon,7/7/25, 99 ,3, 102 ,,9, 25 , 7 , 175 ,58%," $2,196 ", $42 ," $2,238 "
1100,TEM,7/13/25,Jul-25,Tue,7/8/25, 96 ,13, 109 ,,10, 25 , 8 , 200 ,55%," $1,992 ", $174 ," $2,166 "
1101,TEM,7/13/25,Jul-25,Wed,7/9/25, 107 ,18, 125 ,,10, 25 , 8 , 200 ,63%, $869 , $193 ," $1,062 "
1102,TEM,7/13/25,Jul-25,Thu,7/10/25, 75 ,7, 82 ,,8, 25 , 7 , 175 ,47%," $3,351 ", $88 ," $3,439 "
1103,TEM,7/13/25,Jul-25,Fri,7/11/25, 75 ,7, 82 ,,7, 25 , 6 , 150 ,55%, $743 , $111 , $854 
1104,TEM,7/13/25,Jul-25,Sat,7/12/25, 61 ,0, 61 ,,7, 25 , 4 , 100 ,61%," $1,077 ", $-   ," $1,077 "
1105,TEM,7/13/25,Jul-25,Sun,7/13/25, 43 ,3, 46 ,,6, 25 , 3 , 75 ,61%, $546 , $22 , $568 
1106,TEM,7/20/25,Jul-25,Mon,7/14/25, 88 ,5, 93 ,,4, 25 , 7 , 175 ,53%," $3,438 ", $68 ," $3,506 "
1107,TEM,7/20/25,Jul-25,Tue,7/15/25, 106 ,14, 120 ,,9, 25 , 8 , 200 ,60%, $-   , $153 , $153 
1108,TEM,7/20/25,Jul-25,Wed,7/16/25, 118 ,10, 128 ,,1, 25 , 8 , 200 ,64%, $-   , $108 , $108 
1109,TEM,7/20/25,Jul-25,Thu,7/17/25, 113 ,9, 122 ,,4, 25 , 7 , 175 ,70%, $225 , $118 , $343 
1110,TEM,7/20/25,Jul-25,Fri,7/18/25, 96 ,8, 104 ,,4, 25 , 6 , 150 ,69%, $956 , $87 ," $1,043 "
1111,TEM,7/20/25,Jul-25,Sat,7/19/25, 79 ,0, 79 ,,4, 25 , 4 , 100 ,79%," $1,069 ", $-   ," $1,069 "
1112,TEM,7/20/25,Jul-25,Sun,7/20/25, 47 ,3, 50 ,,4, 25 , 3 , 75 ,67%," $1,862 ", $22 ," $1,884 "
1113,TEM,7/27/25,Jul-25,Mon,7/21/25, 103 ,2, 105 ,,4, 25 , 7 , 175 ,60%," $1,538 ", $24 ," $1,562 "
1114,TEM,7/27/25,Jul-25,Tue,7/22/25, 114 ,8, 122 ,,8, 25 , 8 , 200 ,61%," $1,192 ", $88 ," $1,280 "
1115,TEM,7/27/25,Jul-25,Wed,7/23/25, 124 ,9, 133 ,,5, 25 , 8 , 200 ,67%," $1,866 ", $98 ," $1,964 "
1116,TEM,7/27/25,Jul-25,Thu,7/24/25, 84 ,9, 93 ,,1, 25 , 7 , 175 ,53%," $1,541 ", $101 ," $1,642 "
1117,TEM,7/27/25,Jul-25,Fri,7/25/25, 93 ,6, 99 ,,2, 25 , 6 , 150 ,66%, $835 , $69 , $904 
1118,TEM,7/27/25,Jul-25,Sat,7/26/25, 60 ,0, 60 ,,2, 25 , 4 , 100 ,60%," $1,551 ", $-   ," $1,551 "
1119,TEM,7/27/25,Jul-25,Sun,7/27/25, 47 ,3, 50 ,,2, 25 , 3 , 75 ,67%, $677 , $33 , $710 
1120,TEM,8/3/25,Jul-25,Mon,7/28/25, 89 ,0, 89 ,,2, 25 , 7 , 175 ,51%," $1,681 ", $-   ," $1,681 "
1121,TEM,8/3/25,Jul-25,Tue,7/29/25, 98 ,5, 103 ,,1, 25 , 8 , 200 ,52%," $1,439 ", $64 ," $1,503 "
1122,TEM,8/3/25,Jul-25,Wed,7/30/25, 114 ,7, 121 ,,2, 25 , 8 , 200 ,61%," $1,371 ", $75 ," $1,446 "
1123,TEM,8/3/25,Jul-25,Thu,7/31/25, 95 ,15, 110 ,,4, 25 , 7 , 175 ,63%," $1,077 ", $176 ," $1,253 "
1124,TEM,8/3/25,Aug-25,Fri,8/1/25, 95 ,14, 109 ,,7, 25 , 6 , 150 ,73%," $1,785 ", $188 ," $1,973 "
1125,TEM,8/3/25,Aug-25,Sat,8/2/25, 82 ,0, 82 ,,8, 25 , 4 , 100 ,82%," $2,100 ", $-   ," $2,100 "
1126,TEM,8/3/25,Aug-25,Sun,8/3/25, 40 ,16, 56 ,,2, 25 , 3 , 75 ,75%," $1,073 ", $222 ," $1,295 "
1127,TEM,8/10/25,Aug-25,Mon,8/4/25, 94 ,27, 121 ,,7, 25 , 7 , 175 ,69%," $1,787 ", $400 ," $2,187 "
1128,TEM,8/10/25,Aug-25,Tue,8/5/25, 118 ,9, 127 ,,6, 25 , 8 , 200 ,64%," $1,639 ", $252 ," $1,891 "
1129,TEM,8/10/25,Aug-25,Wed,8/6/25, 125 ,8, 133 ,,5, 25 , 8 , 200 ,67%," $1,660 ", $162 ," $1,822 "
1130,TEM,8/10/25,Aug-25,Thu,8/7/25, 85 ,15, 100 ,,1, 25 , 7 , 175 ,57%," $2,977 ", $150 ," $3,127 "
1131,TEM,8/10/25,Aug-25,Fri,8/8/25, 91 ,12, 103 ,,6, 25 , 6 , 150 ,69%," $1,754 ", $136 ," $1,890 "
1132,TEM,8/10/25,Aug-25,Sat,8/9/25, 74 ,0, 74 ,,7, 25 , 4 , 100 ,74%, $934 , $-   , $934 
1133,TEM,8/10/25,Aug-25,Sun,8/10/25, 49 ,8, 57 ,,6, 25 , 3 , 75 ,76%," $1,650 ", $58 ," $1,708 "
1134,TEM,8/17/25,Aug-25,Mon,8/11/25, 99 ,8, 107 ,,4, 25 , 7 , 175 ,61%," $1,840 ", $87 ," $1,927 "
1135,TEM,8/17/25,Aug-25,Tue,8/12/25, 108 ,15, 123 ,,4, 25 , 8 , 200 ,62%," $1,174 ", $190 ," $1,364 "
1136,TEM,8/17/25,Aug-25,Wed,8/13/25, 126 ,8, 134 ,,2, 25 , 8 , 200 ,67%," $1,625 ", $79 ," $1,704 "
1137,TEM,8/17/25,Aug-25,Thu,8/14/25, 88 ,9, 97 ,,2, 25 , 7 , 175 ,55%," $2,333 ", $117 ," $2,450 "
1138,TEM,8/17/25,Aug-25,Fri,8/15/25, 98 ,6, 104 ,,6, 25 , 6 , 150 ,69%," $2,028 ", $34 ," $2,062 "
1139,TEM,8/17/25,Aug-25,Sat,8/16/25, 79 ,0, 79 ,,15, 25 , 4 , 100 ,79%," $1,754 ", $-   ," $1,754 "
1140,TEM,8/17/25,Aug-25,Sun,8/17/25, 43 ,8, 51 ,,6, 25 , 3 , 75 ,68%," $1,894 ", $67 ," $1,961 "
1141,TEM,8/24/25,Aug-25,Mon,8/18/25, 107 ,18, 125 ,,10, 25 , 7 , 175 ,71%," $1,454 ", $264 ," $1,718 "
1142,TEM,8/24/25,Aug-25,Tue,8/19/25, 99 ,19, 118 ,,3, 25 , 8 , 200 ,59%," $1,211 ", $209 ," $1,420 "
1143,TEM,8/24/25,Aug-25,Wed,8/20/25, 116 ,21, 137 ,,5, 25 , 8 , 200 ,69%," $1,563 ", $201 ," $1,764 "
1144,TEM,8/24/25,Aug-25,Thu,8/21/25, 104 ,3, 107 ,,7, 25 , 7 , 175 ,61%," $1,865 ", $22 ," $1,887 "
1145,TEM,8/24/25,Aug-25,Fri,8/22/25, 86 ,12, 98 ,,2, 25 , 6 , 150 ,65%," $1,715 ", $137 ," $1,852 "
1146,TEM,8/24/25,Aug-25,Sat,8/23/25, 77 ,0, 77 ,,5, 25 , 4 , 100 ,77%," $1,468 ", $-   ," $1,468 "
1147,TEM,8/24/25,Aug-25,Sun,8/24/25, 49 ,8, 57 ,,5, 25 , 3 , 75 ,76%," $1,405 ", $87 ," $1,492 "
1148,TEM,8/31/25,Aug-25,Mon,8/25/25, 93 ,9, 102 ,,3, 25 , 7 , 175 ,58%," $1,242 ", $90 ," $1,332 "
1149,TEM,8/31/25,Aug-25,Tue,8/26/25, 97 ,23, 120 ,,7, 25 , 8 , 200 ,60%," $1,560 ", $246 ," $1,806 "
1150,TEM,8/31/25,Aug-25,Wed,8/27/25, 119 ,14, 133 ,,8, 25 , 8 , 200 ,67%," $1,028 ", $119 ," $1,147 "
1151,TEM,8/31/25,Aug-25,Thu,8/28/25, 84 ,3, 87 ,,1, 25 , 7 , 175 ,50%," $1,571 ", $42 ," $1,613 "
1152,TEM,8/31/25,Aug-25,Fri,8/29/25, 89 ,9, 98 ,,5, 25 , 6 , 150 ,65%," $1,430 ", $121 ," $1,551 "
1153,TEM,8/31/25,Aug-25,Sat,8/30/25, 63 ,5, 68 ,,10, 25 , 4 , 100 ,68%, $940 , $54 , $994 
1154,TEM,8/31/25,Aug-25,Sun,8/31/25, 27 ,9, 36 ,,2, 25 , 3 , 75 ,48%, $844 , $85 , $929 
1155,TEM,9/7/25,Sep-25,Mon,9/1/25, 78 ,29, 107 ,,6, 25 , 7 , 175 ,61%," $1,333 ", $362 ," $1,695 "
1156,TEM,9/7/25,Sep-25,Tue,9/2/25, 110 ,27, 137 ,,11, 25 , 8 , 200 ,69%," $2,289 ", $243 ," $2,532 "
1157,TEM,9/7/25,Sep-25,Wed,9/3/25, 113 ,23, 136 ,,6, 25 , 8 , 200 ,68%," $1,024 ", $209 ," $1,233 "
1158,TEM,9/7/25,Sep-25,Thu,9/4/25, 86 ,16, 102 ,,1, 25 , 7 , 175 ,58%," $1,377 ", $119 ," $1,496 "
1159,TEM,9/7/25,Sep-25,Fri,9/5/25, 83 ,23, 106 ,,8, 25 , 6 , 150 ,71%," $1,333 ", $115 ," $1,448 "
1160,TEM,9/7/25,Sep-25,Sat,9/6/25, 52 ,9, 61 ,,5, 25 , 4 , 100 ,61%," $1,366 ", $122 ," $1,488 "
1161,TEM,9/7/25,Sep-25,Sun,9/7/25, 41 ,12, 53 ,,1, 25 , 3 , 75 ,71%," $1,730 ", $103 ," $1,833 "
1162,TEM,9/14/25,Sep-25,Mon,9/8/25, 106 ,36, 142 ,,11, 25 , 9 , 225 ,63%," $1,935 ", $329 ," $2,264 "
1163,TEM,9/14/25,Sep-25,Tue,9/9/25, 91 ,30, 121 ,,4, 25 , 8 , 200 ,61%, $748 , $75 , $823 
1164,TEM,9/14/25,Sep-25,Wed,9/10/25, 93 ,27, 120 ,,5, 25 , 9 , 225 ,53%," $1,693 ", $261 ," $1,954 "
1165,TEM,9/14/25,Sep-25,Thu,9/11/25, 74 ,26, 100 ,,4, 25 , 7 , 175 ,57%, $870 , $262 ," $1,132 "
1166,TEM,9/14/25,Sep-25,Fri,9/12/25, 83 ,26, 109 ,,4, 25 , 7 , 175 ,62%," $1,148 ", $242 ," $1,390 "
1167,TEM,9/14/25,Sep-25,Sat,9/13/25, 53 ,2, 55 ,,3, 25 , 4 , 100 ,55%, $638 , $11 , $649 
1168,TEM,9/14/25,Sep-25,Sun,9/14/25, 36 ,3, 39 ,,2, 25 , 3 , 75 ,52%," $1,841 ", $22 ," $1,863 "
1169,TEM,9/21/25,Sep-25,Mon,9/15/25, 81 ,38, 119 ,,6, 25 , 9 , 225 ,53%," $1,791 ", $351 ," $2,142 "
1170,TEM,9/21/25,Sep-25,Tue,9/16/25, 106 ,24, 130 ,,4, 25 , 8 , 200 ,65%," $1,400 ", $212 ," $1,612 "
1171,TEM,9/21/25,Sep-25,Wed,9/17/25, 98 ,22, 120 ,,5, 25 , 9 , 225 ,53%," $1,419 ", $198 ," $1,617 "
1172,TEM,9/21/25,Sep-25,Thu,9/18/25, 84 ,35, 119 ,,2, 25 , 7 , 175 ,68%," $1,170 ", $259 ," $1,429 "
1173,TEM,9/21/25,Sep-25,Fri,9/19/25, 86 ,25, 111 ,,2, 25 , 7 , 175 ,63%, $897 , $275 ," $1,172 "
1174,TEM,9/21/25,Sep-25,Sat,9/20/25, 58 ,5, 63 ,,3, 25 , 4 , 100 ,63%," $1,100 ", $63 ," $1,163 "
1175,TEM,9/21/25,Sep-25,Sun,9/21/25, 36 ,11, 47 ,,2, 25 , 3 , 75 ,63%," $1,215 ", $78 ," $1,293 "
1176,TEM,9/28/25,Sep-25,Mon,9/22/25, 90 ,40, 130 ,,4, 25 , 9 , 225 ,58%," $1,144 ", $419 ," $1,563 "
1177,TEM,9/28/25,Sep-25,Tue,9/23/25, 96 ,34, 130 ,,3, 25 , 8 , 200 ,65%," $1,410 ", $290 ," $1,700 "
1178,TEM,9/28/25,Sep-25,Wed,9/24/25, 95 ,27, 122 ,,2, 25 , 9 , 225 ,54%," $1,630 ", $261 ," $1,891 "
1179,TEM,9/28/25,Sep-25,Thu,9/25/25, 100 ,36, 136 ,,5, 25 , 7 , 175 ,78%," $1,078 ", $378 ," $1,456 "
1180,TEM,9/28/25,Sep-25,Fri,9/26/25, 84 ,32, 116 ,,5, 25 , 7 , 175 ,66%," $1,775 ", $319 ," $2,094 "
1181,TEM,9/28/25,Sep-25,Sat,9/27/25, 61 ,6, 67 ,,6, 25 , 4 , 100 ,67%, $639 , $54 , $693 
1182,TEM,9/28/25,Sep-25,Sun,9/28/25, 38 ,3, 41 ,,5, 25 , 3 , 75 ,55%," $2,066 ", $11 ," $2,077 "
1183,TEM,10/5/25,Sep-25,Mon,9/29/25, 96 ,51, 147 ,,6, 25 , 9 , 225 ,65%," $1,971 ", $507 ," $2,478 "
1184,TEM,10/5/25,Sep-25,Tue,9/30/25, 93 ,29, 122 ,,3, 25 , 8 , 200 ,61%," $1,169 ", $273 ," $1,442 "
1185,TEM,10/5/25,Oct-25,Wed,10/1/25, 116 ,25, 141 ,,6, 25 , 9 , 225 ,63%," $1,920 ", $238 ," $2,158 "
1186,TEM,10/5/25,Oct-25,Thu,10/2/25, 93 ,39, 132 ,,8, 25 , 7 , 175 ,75%," $2,424 ", $325 ," $2,749 "
1187,TEM,10/5/25,Oct-25,Fri,10/3/25, 87 ,18, 105 ,,5, 25 , 7 , 175 ,60%, $909 , $175 ," $1,084 "
1188,TEM,10/5/25,Oct-25,Sat,10/4/25, 56 ,0, 56 ,,6, 25 , 4 , 100 ,56%," $1,045 ", $-   ," $1,045 "
1189,TEM,10/5/25,Oct-25,Sun,10/5/25, 43 ,9, 52 ,,2, 25 , 3 , 75 ,69%," $1,350 ", $65 ," $1,415 "
1190,TEM,10/12/25,Oct-25,Mon,10/6/25, 91 ,52, 143 ,,5, 25 , 9 , 225 ,64%," $1,180 ", $479 ," $1,659 "
1191,TEM,10/12/25,Oct-25,Tue,10/7/25, 98 ,37, 135 ,,5, 25 , 8 , 200 ,68%," $2,153 ", $343 ," $2,496 "
1192,TEM,10/12/25,Oct-25,Wed,10/8/25, 105 ,28, 133 ,,0, 25 , 9 , 225 ,59%," $1,693 ", $262 ," $1,954 "
1193,TEM,10/12/25,Oct-25,Thu,10/9/25, 89 ,27, 116 ,,1, 25 , 7 , 175 ,66%," $1,259 ", $251 ," $1,510 "
1194,TEM,10/12/25,Oct-25,Fri,10/10/25, 97 ,32, 129 ,,4, 25 , 7 , 175 ,74%," $1,743 ", $349 ," $2,092 "
1195,TEM,10/12/25,Oct-25,Sat,10/11/25, 63 ,2, 65 ,,9, 25 , 4 , 100 ,65%," $1,215 ", $11 ," $1,226 "
1196,TEM,10/12/25,Oct-25,Sun,10/12/25, 47 ,10, 57 ,,5, 25 , 3 , 75 ,76%, $618 , $76 , $694 
1197,TEM,10/19/25,Oct-25,Mon,10/13/25, 94 ,33, 127 ,,3, 25 , 9 , 225 ,56%," $1,161 ", $399 ," $1,560 "
1198,TEM,10/19/25,Oct-25,Tue,10/14/25, 94 ,20, 114 ,,3, 25 , 8 , 200 ,57%," $1,896 ", $204 ," $2,100 "
1199,TEM,10/19/25,Oct-25,Wed,10/15/25, 101 ,31, 132 ,,6, 25 , 9 , 225 ,59%," $1,702 ", $296 ," $1,998 "
1200,TEM,10/19/25,Oct-25,Thu,10/16/25, 86 ,31, 117 ,,3, 25 , 7 , 175 ,67%," $1,585 ", $280 ," $1,865 "
1201,TEM,10/19/25,Oct-25,Fri,10/17/25, 78 ,33, 111 ,,5, 25 , 7 , 175 ,63%," $1,413 ", $281 ," $1,694 "
1202,TEM,10/19/25,Oct-25,Sat,10/18/25, 58 ,0, 58 ,,9, 25 , 4 , 100 ,58%," $1,171 ", $-   ," $1,171 "
1203,TEM,10/19/25,Oct-25,Sun,10/19/25, 49 ,8, 57 ,,3, 25 , 3 , 75 ,76%, $786 , $98 , $884 
1204,TEM,10/26/25,Oct-25,Mon,10/20/25, 74 ,33, 107 ,,4, 25 , 9 , 225 ,48%," $1,290 ", $330 ," $1,620 "
1205,TEM,10/26/25,Oct-25,Tue,10/21/25, 99 ,39, 138 ,,6, 25 , 8 , 200 ,69%," $2,140 ", $391 ," $2,531 "
1206,TEM,10/26/25,Oct-25,Wed,10/22/25, 113 ,35, 148 ,,4, 25 , 9 , 225 ,66%," $1,281 ", $339 ," $1,620 "
1207,TEM,10/26/25,Oct-25,Thu,10/23/25, 90 ,35, 125 ,,5, 25 , 7 , 175 ,71%," $1,450 ", $293 ," $1,743 "
1208,TEM,10/26/25,Oct-25,Fri,10/24/25, 82 ,30, 112 ,,0, 25 , 7 , 175 ,64%, $945 , $319 ," $1,264 "
1209,TEM,10/26/25,Oct-25,Sat,10/25/25, 62 ,0, 62 ,,3, 25 , 4 , 100 ,62%, $658 , $-   , $658 
1210,TEM,10/26/25,Oct-25,Sun,10/26/25, 52 ,10, 62 ,,0, 25 , 3 , 75 ,83%," $1,419 ", $-   ," $1,419 "
1211,TEM,11/2/25,Oct-25,Mon,10/27/25, 102 ,40, 142 ,,3, 25 , 9 , 225 ,63%, $841 , $434 ," $1,275 "
1212,TEM,11/2/25,Oct-25,Tue,10/28/25, 100 ,25, 125 ,,4, 25 , 8 , 200 ,63%," $1,325 ", $254 ," $1,579 "
1213,TEM,11/2/25,Oct-25,Wed,10/29/25, 92 ,28, 120 ,,3, 25 , 9 , 225 ,53%," $1,456 ", $268 ," $1,724 "
1214,TEM,11/2/25,Oct-25,Thu,10/30/25, 88 ,25, 113 ,,3, 25 , 7 , 175 ,65%, $664 , $274 , $938 
1215,TEM,11/2/25,Oct-25,Fri,10/31/25, 74 ,13, 87 ,,4, 25 , 7 , 175 ,50%, $94 , $138 , $232 
1216,TEM,11/2/25,Nov-25,Sat,11/1/25, 51 ,1, 52 ,,11, 25 , 4 , 100 ,52%," $1,115 ", $11 ," $1,126 "
1217,TEM,11/2/25,Nov-25,Sun,11/2/25, 31 ,4, 35 ,,2, 25 , 3 , 75 ,47%," $1,665 ", $37 ," $1,702 "
1218,TEM,11/9/25,Nov-25,Mon,11/3/25, 90 ,26, 116 ,,5, 25 , 9 , 225 ,52%," $1,020 ", $238 ," $1,258 "
1219,TEM,11/9/25,Nov-25,Tue,11/4/25, 81 ,20, 101 ,,7, 25 , 8 , 200 ,51%," $1,319 ", $193 ," $1,512 "
1220,TEM,11/9/25,Nov-25,Wed,11/5/25, 90 ,41, 131 ,,7, 25 , 9 , 225 ,58%," $1,998 ", $396 ," $2,394 "
1221,TEM,11/9/25,Nov-25,Thu,11/6/25, 86 ,33, 119 ,,9, 25 , 7 , 175 ,68%," $1,675 ", $352 ," $2,027 "
1222,TEM,11/9/25,Nov-25,Fri,11/7/25, 101 ,24, 125 ,,6, 25 , 7 , 175 ,71%," $1,550 ", $264 ," $1,814 "
1223,TEM,11/9/25,Nov-25,Sat,11/8/25, 55 ,0, 55 ,,3, 25 , 4 , 100 ,55%," $1,544 ", $-   ," $1,544 "
1224,TEM,11/9/25,Nov-25,Sun,11/9/25, 42 ,9, 51 ,,1, 25 , 3 , 75 ,68%," $1,021 ", $102 ," $1,123 "
1225,TEM,11/16/25,Nov-25,Mon,11/10/25, 71 ,24, 95 ,,4, 25 , 9 , 225 ,42%," $1,645 ", $277 ," $1,922 "
1226,TEM,11/16/25,Nov-25,Tue,11/11/25, 95 ,21, 116 ,,3, 25 , 8 , 200 ,58%," $1,419 ", $200 ," $1,619 "
1227,TEM,11/16/25,Nov-25,Wed,11/12/25, 91 ,35, 126 ,,2, 25 , 9 , 225 ,56%," $1,398 ", $381 ," $1,779 "
1228,TEM,11/16/25,Nov-25,Thu,11/13/25, 93 ,27, 120 ,,5, 25 , 7 , 175 ,69%," $1,015 ", $294 ," $1,309 "
1229,TEM,11/16/25,Nov-25,Fri,11/14/25, 76 ,15, 91 ,,8, 25 , 7 , 175 ,52%," $2,060 ", $149 ," $2,209 "
1230,TEM,11/16/25,Nov-25,Sat,11/15/25, 56 ,11, 67 ,,2, 25 , 4 , 100 ,67%," $1,589 ", $128 ," $1,717 "
1231,TEM,11/16/25,Nov-25,Sun,11/16/25, 41 ,12, 53 ,,2, 25 , 3 , 75 ,71%," $1,582 ", $126 ," $1,708 "
1232,TEM,11/23/25,Nov-25,Mon,11/17/25, 73 ,36, 109 ,,3, 25 , 9 , 225 ,48%," $1,295 ", $414 ," $1,709 "
1233,TEM,11/23/25,Nov-25,Tue,11/18/25, 93 ,27, 120 ,,3, 25 , 8 , 200 ,60%," $2,361 ", $293 ," $2,654 "
1234,TEM,11/23/25,Nov-25,Wed,11/19/25, 92 ,26, 118 ,,7, 25 , 9 , 225 ,52%," $1,645 ", $243 ," $1,888 "
1235,TEM,11/23/25,Nov-25,Thu,11/20/25, 84 ,30, 114 ,,3, 25 , 7 , 175 ,65%," $1,479 ", $382 ," $1,861 "
1236,TEM,11/23/25,Nov-25,Fri,11/21/25, 75 ,13, 88 ,,5, 25 , 7 , 175 ,50%," $1,792 ", $110 ," $1,902 "
1237,TEM,11/23/25,Nov-25,Sat,11/22/25, 66 ,0, 66 ,,4, 25 , 4 , 100 ,66%," $1,021 ", $-   ," $1,021 "
1238,TEM,11/23/25,Nov-25,Sun,11/23/25, 45 ,8, 53 ,,4, 25 , 3 , 75 ,71%, $906 , $78 , $984 
1239,TEM,11/30/25,Nov-25,Mon,11/24/25, 95 ,23, 118 ,,3, 25 , 9 , 225 ,52%," $1,498 ", $279 ," $1,777 "
1240,TEM,11/30/25,Nov-25,Tue,11/25/25, 93 ,25, 118 ,,3, 25 , 8 , 200 ,59%," $1,012 ", $280 ," $1,292 "
1241,TEM,11/30/25,Nov-25,Wed,11/26/25, 86 ,23, 109 ,,2, 25 , 9 , 225 ,48%," $1,662 ", $248 ," $1,910 "
1242,TEM,11/30/25,Nov-25,Thu,11/27/25, 47 ,11, 58 ,,5, 25 , 3 , 75 ,77%, $604 , $108 , $712 
1243,TEM,11/30/25,Nov-25,Fri,11/28/25, 60 ,10, 70 ,,3, 25 , 7 , 175 ,40%," $1,548 ", $90 ," $1,638 "
1244,TEM,11/30/25,Nov-25,Sat,11/29/25, 68 ,3, 71 ,,8, 25 , 4 , 100 ,71%," $1,355 ", $11 ," $1,366 "
1245,TEM,11/30/25,Nov-25,Sun,11/30/25, 46 ,12, 58 ,,0, 25 , 3 , 75 ,77%, $911 , $102 ," $1,013 "
1246,TEM,12/7/25,Dec-25,Mon,12/1/25, 80 ,34, 114 ,,4, 25 , 9 , 225 ,51%," $2,082 ", $421 ," $2,503 "
1247,TEM,12/7/25,Dec-25,Tue,12/2/25, 107 ,37, 144 ,,3, 25 , 8 , 200 ,72%," $2,725 ", $394 ," $3,119 "
1248,TEM,12/7/25,Dec-25,Wed,12/3/25, 132 ,9, 141 ,,8, 25 , 9 , 225 ,63%, $686 , $283 , $969 
1249,TEM,12/7/25,Dec-25,Thu,12/4/25, 103 ,32, 135 ,,4, 25 , 7 , 175 ,77%," $1,292 ", $353 ," $1,645 "
1250,TEM,12/7/25,Dec-25,Fri,12/5/25, 68 ,18, 86 ,,3, 25 , 7 , 175 ,49%," $1,549 ", $187 ," $1,736 "
1251,TEM,12/7/25,Dec-25,Sat,12/6/25, 55 ,3, 58 ,,8, 25 , 4 , 100 ,58%," $1,282 ", $39 ," $1,321 "
1252,TEM,12/7/25,Dec-25,Sun,12/7/25, 46 ,9, 55 ,,1, 25 , 3 , 75 ,73%," $1,218 ", $93 ," $1,311 "
1253,TEM,12/14/25,Dec-25,Mon,12/8/25, 81 ,26, 107 ,,2, 25 , 9 , 225 ,48%," $1,255 ", $325 ," $1,580 "
1254,TEM,12/14/25,Dec-25,Tue,12/9/25, 162 ,22, 184 ,,2, 25 , 8 , 200 ,92%, $820 , $259 ," $1,079 "
1255,TEM,12/14/25,Dec-25,Wed,12/10/25, 95 ,23, 118 ,,2, 25 , 9 , 225 ,52%," $1,958 ", $280 ," $2,238 "
1256,TEM,12/14/25,Dec-25,Thu,12/11/25, 85 ,29, 114 ,,2, 25 , 7 , 175 ,65%," $1,104 ", $352 ," $1,456 "
1257,TEM,12/14/25,Dec-25,Fri,12/12/25, 85 ,29, 114 ,,2, 25 , 7 , 175 ,65%, $844 , $335 ," $1,179 "
1258,TEM,12/14/25,Dec-25,Sat,12/13/25, 62 ,3, 65 ,,3, 25 , 4 , 100 ,65%, $697 , $43 , $740 
1259,TEM,12/14/25,Dec-25,Sun,12/14/25, 43 ,10, 53 ,,0, 25 , 3 , 75 ,71%," $2,186 ", $101 ," $2,287 "
1260,TEM,12/21/25,Dec-25,Mon,12/15/25, 73 ,25, 98 ,,5, 25 , 9 , 225 ,44%," $1,391 ", $281 ," $1,672 "
1261,TEM,12/21/25,Dec-25,Tue,12/16/25, 94 ,23, 117 ,,2, 25 , 8 , 200 ,59%," $1,670 ", $239 ," $1,909 "
1262,TEM,12/21/25,Dec-25,Wed,12/17/25, 104 ,28, 132 ,,7, 25 , 9 , 225 ,59%," $1,716 ", $241 ," $1,957 "
1263,TEM,12/21/25,Dec-25,Thu,12/18/25, 84 ,30, 114 ,,7, 25 , 7 , 175 ,65%, $937 , $304 ," $1,241 "
1264,TEM,12/21/25,Dec-25,Fri,12/19/25, 76 ,29, 105 ,,7, 25 , 7 , 175 ,60%," $1,106 ", $292 ," $1,398 "
1265,TEM,12/21/25,Dec-25,Sat,12/20/25, 46 ,5, 51 ,,4, 25 , 4 , 100 ,51%," $1,122 ", $46 ," $1,168 "
1266,TEM,12/21/25,Dec-25,Sun,12/21/25, 38 ,6, 44 ,,3, 25 , 3 , 75 ,59%," $1,347 ", $61 ," $1,407 "
1267,TEM,12/28/25,Dec-25,Mon,12/22/25, 93 ,20, 113 ,,6, 25 , 9 , 225 ,50%," $1,170 ", $368 ," $1,538 "
1268,TEM,12/28/25,Dec-25,Tue,12/23/25, 85 ,5, 90 ,,4, 25 , 8 , 200 ,45%," $1,068 ", $288 ," $1,356 "
1269,TEM,12/28/25,Dec-25,Wed,12/24/25, 74 ,14, 88 ,,1, 25 , 5 , 125 ,70%, $994 , $197 ," $1,191 "
1270,TEM,12/28/25,Dec-25,Thu,12/25/25, -   ,0, -   ,,0, 25 , -   , -   ,0%, $937 , $-   , $937 
1271,TEM,12/28/25,Dec-25,Fri,12/26/25, 80 ,26, 106 ,,6, 25 , 7 , 175 ,61%," $1,344 ", $282 ," $1,626 "
1272,TEM,12/28/25,Dec-25,Sat,12/27/25, 61 ,0, 61 ,,3, 25 , 4 , 100 ,61%, $855 , $-   , $855 
1273,TEM,12/28/25,Dec-25,Sun,12/28/25, 41 ,7, 48 ,,1, 25 , 3 , 75 ,64%," $1,119 ", $84 ," $1,203 "
1274,TEM,1/4/26,Dec-25,Mon,12/29/25, 98 ,38, 136 ,,4, 25 , 9 , 225 ,60%," $2,370 ", $388 ," $2,758 "
1275,TEM,1/4/26,Dec-25,Tue,12/30/25, 93 ,23, 116 ,,4, 25 , 8 , 200 ,58%, $536 , $263 , $799 
1276,TEM,1/4/26,Dec-25,Wed,12/31/25, 75 ,16, 91 ,,5, 25 , 5 , 125 ,73%," $1,203 ", $215 ," $1,418 "
1277,TEM,1/4/26,Jan-26,Thu,1/1/26, 74 ,28, 102 , 87 ,7, 25 , 5 , 125 ,82%," $2,756 ", $298 ," $3,054 "
1278,TEM,1/4/26,Jan-26,Fri,1/2/26, 111 ,24, 135 , 114 ,9, 25 , 7 , 175 ,77%," $3,071 ", $229 ," $3,300 "
1279,TEM,1/4/26,Jan-26,Sat,1/3/26, 92 ,0, 92 , 101 ,6, 25 , 4 , 100 ,92%," $1,346 ", $-   ," $1,346 "
1280,TEM,1/4/26,Jan-26,Sun,1/4/26, 57 ,9, 66 , 76 ,4, 25 , 3 , 75 ,88%," $1,408 ", $123 ," $1,531 "
1281,TEM,1/11/26,Jan-26,Mon,1/5/26, 131 ,36, 167 , 114 ,8, 25 , 9 , 225 ,74%," $2,064 ", $418 ," $2,482 "
1282,TEM,1/11/26,Jan-26,Tue,1/6/26, 138 ,27, 165 , 156 ,4, 25 , 8 , 200 ,83%," $1,888 ", $273 ," $2,161 "
1283,TEM,1/11/26,Jan-26,Wed,1/7/26, 139 ,34, 173 , 149 ,6, 25 , 9 , 225 ,77%," $1,424 ", $348 ," $1,772 "
1284,TEM,1/11/26,Jan-26,Thu,1/8/26, 132 ,37, 169 , -   ,2, 25 , 7 , 175 ,97%," $2,024 ", $378 ," $2,402 "
1285,TEM,1/11/26,Jan-26,Fri,1/9/26, 111 ,22, 133 , 56 ,4, 25 , 7 , 175 ,76%," $1,812 ", $267 ," $2,079 "
1286,TEM,1/11/26,Jan-26,Sat,1/10/26, 93 ,0, 93 , 91 ,13, 25 , 4 , 100 ,93%," $1,570 ", $-   ," $1,570 "
1287,TEM,1/11/26,Jan-26,Sun,1/11/26, 69 ,10, 79 , 64 ,6, 25 ,3, 75 ,105%," $1,805 ", $268 ," $2,074 "
1288,TEM,1/18/26,Jan-26,Mon,1/12/26, 151 ,25, 176 , 116 ,4, 25 ,9, 225 ,78%," $1,546 ", $320 ," $1,866 "
1289,TEM,1/18/26,Jan-26,Tue,1/13/26, 151 ,22, 173 , 139 ,7, 25 ,8, 200 ,87%," $1,131 ", $141 ," $1,272 "
1290,TEM,1/18/26,Jan-26,Wed,1/14/26, 154 ,30, 184 , 124 ,8, 25 ,9, 225 ,82%," $2,457 ", $248 ," $2,705 "
1291,TEM,1/18/26,Jan-26,Thu,1/15/26, 145 ,23, 168 , 110 ,8, 25 ,7, 175 ,96%," $1,894 ", $283 ," $2,177 "
1292,TEM,1/18/26,Jan-26,Fri,1/16/26, 120 ,18, 138 , 123 ,6, 25 ,7, 175 ,79%," $2,432 ", $163 ," $2,595 "
1293,TEM,1/18/26,Jan-26,Sat,1/17/26, 102 ,0, 102 , 120 ,6, 25 ,4, 100 ,102%," $1,833 ", $-   ," $1,833 "
1294,TEM,1/18/26,Jan-26,Sun,1/18/26, 66 ,4, 70 , 100 ,5, 25 ,3, 75 ,93%," $1,796 ", $446 ," $2,242 "
1295,TEM,1/25/26,Jan-26,Mon,1/19/26, 154 ,17, 171 , 116 ,6, 25 ,9, 225 ,76%," $1,843 ", $174 ," $2,017 "
1296,TEM,1/25/26,Jan-26,Tue,1/20/26, 153 ,9, 162 , 137 ,8, 25 ,8, 200 ,81%," $1,853 ", $71 ," $1,924 "
1297,TEM,1/25/26,Jan-26,Wed,1/21/26, 150 ,26, 176 , 141 ,3, 25 ,9, 225 ,78%," $2,229 ", $284 ," $2,513 "
1298,TEM,1/25/26,Jan-26,Thu,1/22/26, 129 ,26, 155 , 130 ,9, 25 ,7, 175 ,89%," $1,201 ", $299 ," $1,500 "
1299,TEM,1/25/26,Jan-26,Fri,1/23/26, 122 ,9, 131 , 121 ,5, 25 ,7, 175 ,75%," $1,369 ", $123 ," $1,492 "
1300,TEM,1/25/26,Jan-26,Sat,1/24/26, -   ,0, -   , 93 ,0, 25 ,0, -   ,0%," $1,204 ", $-   ," $1,204 "
1301,TEM,1/25/26,Jan-26,Sun,1/25/26, -   ,0, -   , 69 ,0, 25 ,0, -   ,0%, $643 , $-   , $643 
1302,TEM,2/1/26,Jan-26,Mon,1/26/26, -   ,0, -   , 110 ,0, 25 ,0, -   ,0%," $1,024 ", $-   ," $1,024 "
1303,TEM,2/1/26,Jan-26,Tue,1/27/26, 67 ,2, 69 , 143 ,3, 25 ,4, 100 ,69%," $1,112 ", $42 ," $1,154 "
1304,TEM,2/1/26,Jan-26,Wed,1/28/26, 105 ,12, 117 , 117 ,4, 25 ,8, 200 ,59%," $1,961 ", $116 ," $2,077 "
1305,TEM,2/1/26,Jan-26,Thu,1/29/26, 124 ,19, 143 , 111 ,5, 25 ,7, 175 ,82%," $1,501 ", $211 ," $1,712 "
1306,TEM,2/1/26,Jan-26,Fri,1/30/26, 110 ,7, 117 , 126 ,3, 25 ,7, 175 ,67%, $762 , $134 , $896 
1307,TEM,2/1/26,Jan-26,Sat,1/31/26, 95 ,0, 95 , 94 ,7, 25 ,4, 100 ,95%," $1,347 ", $-   ," $1,347 "
1308,TEM,2/1/26,Feb-26,Sun,2/1/26, 59 ,5, 64 , 64 ,8, 25 ,3, 75 ,85%," $2,293 ", $51 ," $2,344 "
1309,TEM,2/8/26,Feb-26,Mon,2/2/26, 131 ,23, 154 , 106 ,7, 25 ,9, 225 ,68%," $2,670 ", $258 ," $2,928 "
1310,TEM,2/8/26,Feb-26,Tue,2/3/26, 124 ,5, 129 , 140 ,6, 25 ,8, 200 ,65%," $1,037 ", $35 ," $1,072 "
1311,TEM,2/8/26,Feb-26,Wed,2/4/26, 139 ,25, 164 , 119 ,3, 25 ,9, 225 ,73%," $1,503 ", $250 ," $1,753 "
1312,TEM,2/8/26,Feb-26,Thu,2/5/26, 117 ,19, 136 , 123 ,5, 25 ,7, 175 ,78%," $1,970 ", $222 ," $2,192 "
1313,TEM,2/8/26,Feb-26,Fri,2/6/26, 129 ,6, 135 , 126 ,13, 25 ,7, 175 ,77%," $1,504 ", $84 ," $1,588 "
1314,TEM,2/8/26,Feb-26,Sat,2/7/26, 87 ,0, 87 , 81 ,11, 25 ,4, 100 ,87%," $1,256 ", $-   ," $1,256 "
1315,TEM,2/8/26,Feb-26,Sun,2/8/26, 58 ,5, 63 , 77 ,10, 25 ,3, 75 ,84%," $1,717 ", $28 ," $1,745 "
1316,TEM,2/15/26,Feb-26,Mon,2/9/26, 100 ,22, 122 , 107 ,7, 25 ,9, 225 ,54%," $2,018 ", $193 ," $2,211 "
1317,TEM,2/15/26,Feb-26,Tue,2/10/26, 118 ,8, 126 , 149 ,4, 25 ,8, 200 ,63%, $61 ," $1,968 "," $2,029 "
1318,TEM,2/15/26,Feb-26,Wed,2/11/26, 116 ,15, 131 , 106 ,0, 25 ,9, 225 ,58%, $140 ," $2,314 "," $2,454 "
1319,TEM,2/15/26,Feb-26,Thu,2/12/26, 139 ,, 139 , 126 ,4, 25 ,7, 175 ,79%," $1,483 ", $230 ," $1,713 "
1320,TEM,2/15/26,Feb-26,Fri,2/13/26, 115 ,, 115 , 110 ,11, 25 ,7, 175 ,66%," $1,358 ", $-   ," $1,358 "
1321,TEM,2/15/26,Feb-26,Sat,2/14/26, 87 ,, 87 , 101 ,9, 25 ,4, 100 ,87%," $2,598 ", $-   ," $2,598 "
1322,TEM,2/15/26,Feb-26,Sun,2/15/26, 62 ,, 62 , 67 ,8, 25 ,3, 75 ,83%," $1,141 ", $-   ," $1,141 "
1323,TEM,2/22/26,Feb-26,Mon,2/16/26, 139 ,, 139 , 126 ,10, 25 ,9, 225 ,62%," $2,283 ", $88 ," $2,371 "
1324,TEM,2/22/26,Feb-26,Tue,2/17/26, 125 ,, 125 , 156 ,1, 25 ,9, 225 ,56%," $2,032 ", $70 ," $2,102 "
1325,TEM,2/22/26,Feb-26,Wed,2/18/26, 143 ,, 143 , 140 ,8, 25 ,8, 200 ,72%," $1,398 ", $149 ," $1,547 "
1326,TEM,2/22/26,Feb-26,Thu,2/19/26, 142 ,, 142 , 119 ,4, 25 ,7, 175 ,81%," $1,750 ", $364 ," $2,114 "
1327,TEM,2/22/26,Feb-26,Fri,2/20/26, 136 ,, 136 , 133 ,11, 25 ,4, 100 ,136%," $1,719 ", $182 ," $1,901 "
1328,JBAR,2/8/26,Feb-26,Sat,2/7/26, 41 , -   , 41 ,,3,15,3, 45 ,91%, $232 , $-   , $232 
1329,JBAR,2/8/26,Feb-26,Sun,2/8/26, 8 , -   , 8 ,,0,15,1, 15 ,53%, $228 , $-   , $228 
1330,JBAR,2/15/26,Feb-26,Mon,2/9/26, 42 , -   , 42 ,,4,15,5, 75 ,56%," $1,041 ", $-   ," $1,041 "
1331,JBAR,2/15/26,Feb-26,Tue,2/10/26, 20 , -   , 20 ,,6,15,3, 45 ,44%, $311 , $-   , $311 
1332,JBAR,2/15/26,Feb-26,Wed,2/11/26, 23 , -   , 23 ,,1,15,3, 45 ,51%, $90 , $-   , $90 
1333,JBAR,2/15/26,Feb-26,Thu,2/12/26, 43 , -   , 43 ,,7,15,5, 75 ,57%, $573 , $-   , $573 
1334,JBAR,2/15/26,Feb-26,Fri,2/13/26, -   , -   , -   ,,0,15,0, -   ,0%, $70 , $-   , $70 
1335,JBAR,2/15/26,Feb-26,Sat,2/14/26, 46 , -   , 46 ,,0,15,3, 45 ,102%, $120 , $-   , $120 
1336,JBAR,2/15/26,Feb-26,Sun,2/15/26, 15 , -   , 15 ,,0,15,1, 15 ,100%, $150 , $-   , $150 
1337,JBAR,2/22/26,Feb-26,Mon,2/16/26, 49 , -   , 49 ,,5,15,5, 75 ,65%, $240 , $-   , $240 
1338,JBAR,2/22/26,Feb-26,Tue,2/17/26, 36 , -   , 36 ,,3,15,3, 45 ,80%, $60 , $-   , $60 
1339,JBAR,2/22/26,Feb-26,Wed,2/18/26, 53 , -   , 53 ,,2,15,4, 60 ,88%, $170 , $-   , $170 
1340,JBAR,2/22/26,Feb-26,Thu,2/19/26, 40 , 9.00 , 49 ,,2,15,4, 60 ,82%, $474 , $93 , $567 
1341,JBAR,2/22/26,Feb-26,Fri,2/20/26, 18 , 4.00 , 22 ,,0,15,2, 30 ,73%, $141 , $43 , $184 
1342,JBAR,2/1/26,Feb-26,Sun,2/1/26, -   , -   , -   ,,0,,, -   ,0%," $1,216 ", $-   ," $1,216 "
1343,JBAR,2/8/26,Feb-26,Mon,2/2/26, -   ,,,,,,, -   ,0%, $791 , $-   , $791 
1344,JBAR,2/8/26,Feb-26,Tue,2/3/26, -   ,,,,,,, -   ,0%, $238 , $-   , $238 
1345,JBAR,2/8/26,Feb-26,Wed,2/4/26, -   ,,,,,,, -   ,0%, $217 , $-   , $217 
1346,JBAR,2/8/26,Feb-26,Thu,2/5/26, -   ,,,,,,, -   ,0%, $442 , $-   , $442 
1347,JBAR,2/8/26,Feb-26,Fri,2/6/26, -   ,,,,,,, -   ,0%, $500 , $-   , $500 
1348,JFWR,2/1/26,Feb-26,Sun,2/1/26, -   , -   , -   ,,0,,, -   ,0%," $1,252 ", $-   ," $1,252 "
1349,JFWR,2/8/26,Feb-26,Mon,2/2/26, -   ,,,,,,, -   ,0%," $1,088 ", $-   ," $1,088 "
1350,JFWR,2/8/26,Feb-26,Tue,2/3/26, -   ,,,,,,, -   ,0%," $1,457 ", $-   ," $1,457 "
1351,JFWR,2/8/26,Feb-26,Wed,2/4/26, -   ,,,,,,, -   ,0%, $437 , $-   , $437 
1352,JFWR,2/8/26,Feb-26,Thu,2/5/26, -   ,,,,,,, -   ,0%, $406 , $-   , $406 
1353,JFWR,2/8/26,Feb-26,Fri,2/6/26, -   ,,,,,,, -   ,0%, $748 , $-   , $748 
1354,JFWR,2/8/26,Feb-26,Sat,2/7/26, 36 , -   , 36 ,,1,13,3, 39 ,92%, $378 , $-   , $378 
1355,JFWR,2/8/26,Feb-26,Sun,2/8/26, 27 , -   , 27 ,,2,13,2, 26 ,104%, $989 , $-   , $989 
1356,JFWR,2/15/26,Feb-26,Mon,2/9/26, 47 , -   , 47 ,,7,13,4, 52 ,90%, $548 , $-   , $548 
1357,JFWR,2/15/26,Feb-26,Tue,2/10/26, 46 , -   , 46 ,,10,13,5, 65 ,71%, $649 , $-   , $649 
1358,JFWR,2/15/26,Feb-26,Wed,2/11/26, 23 , -   , 23 ,,1,13,2, 26 ,88%, $749 , $-   , $749 
1359,JFWR,2/15/26,Feb-26,Thu,2/12/26, 20 , -   , 20 ,,2,13,2, 26 ,77%, $415 , $-   , $415 
1360,JFWR,2/15/26,Feb-26,Fri,2/13/26, 18 , -   , 18 ,,3,13,2, 26 ,69%, $260 , $-   , $260 
1361,JFWR,2/15/26,Feb-26,Sat,2/14/26, 37 , -   , 37 ,,2,13,3, 39 ,95%, $453 , $-   , $453 
1362,JFWR,2/15/26,Feb-26,Sun,2/15/26, 22 , -   , 22 ,,6,13,2, 26 ,85%, $413 , $-   , $413 
1363,JFWR,2/22/26,Feb-26,Mon,2/16/26, 39 , -   , 39 ,,7,13,4, 52 ,75%, $690 , $-   , $690 
1364,JFWR,2/22/26,Feb-26,Tue,2/17/26, 56 , -   , 56 ,,5,13,5, 65 ,86%," $1,381 ", $-   ," $1,381 "
1365,JFWR,2/22/26,Feb-26,Wed,2/18/26, 22 , -   , 22 ,,1,13,2, 26 ,85%, $775 , $-   , $775 
1366,JFWR,2/22/26,Feb-26,Thu,2/19/26, 51 , -   , 51 ,,0,13,4, 52 ,98%, $841 , $-   , $841 
1367,JFWR,2/22/26,Feb-26,Fri,2/20/26, 39 , -   , 39 ,,2,13,4, 52 ,75%, $295 , $-   , $295 